1709 2925
261 162 427 214 AENEIDOS
444 163 498 213 Lrs.
509 163 559 214 ΙΙΙ.
696 170 740 217 151

2 314 7 355 r
61 294 131 344 Ecce
142 295 187 344 tibi
197 292 309 343 Aaroniae
320 295 400 343 tellus:
418 295 477 342 hane
488 296 561 358 arripe
569 296 634 344 reiis.

61 360 99 409 Et
110 370 195 409 tamen
205 362 264 408 banc
273 361 356 422 pelago
365 361 521 422 praeterlsbare
532 377 624 409 necesse
634 367 684 419 est3

61 426 185 474 Ausoniae
194 440 246 488 pars
256 425 295 472 illa
304 426 391 487 procul,
401 440 469 486 quam
480 427 556 488 pandit
566 427 658 489 Apollo.

61 489 143 546 Vade,
158 492 196 545 sit,
208 507 223 536 o
233 489 289 536 felix
299 491 346 536 nati
355 490 452 551 pietate!
470 491 524 551 quid
534 491 594 538 ultrs
692 495 743 540 480

62 554 200 610 Proveuor,
211 563 236 603 et
245 553 314 602 fando
325 562 445 616 surgentes
455 555 559 602 demoror
569 556 685 604 Austros?

61 618 119 668 Nec
132 619 388 675 minusAndromache,
400 620 503 681 digressu
513 628 596 668 moests
604 637 717 685 supremo,

62 684 126 733 Fert
136 686 261 748 picbrrrtss
272 685 320 731 suri
330 685 456 732 subtemine
464 691 548 740 restes,

63 748 101 796 Et
110 749 241 812 Phrygiam
251 749 351 796 Ascanio
362 749 519 810 chlamydem
531 763 573 796 aec
580 751 739 809 ceditbonori3

63 813 246 876 Teritilibusque
256 820 334 862 onerat
344 814 415 869 donis,
426 829 454 860 ac
464 814 518 861 talis
526 813 600 861 fatur:

63 878 161 943 Accipe
176 887 200 927 et
217 881 273 935 brec,
288 893 399 927 manuum
412 879 452 928 tibi
468 895 521 940 quae
536 880 676 928 monimenta
692 896 742 929 me·

168 960 233 992 arum

66 1009 130 1065 Sint.
136 1025 199 1074 puer,
206 1017 231 1057 et
237 1009 333 1071 longum
340 1008 506 1057 Andromachae
514 1016 626 1058 testentur
633 1025 742 1069 amorem,

68 1072 188 1138 conjugia
199 1073 331 1122 Hectorsae.
359 1073 422 1136 Cape
433 1076 492 1122 dona
501 1083 603 1124 extrema
614 1083 714 1133 tuorum,

67 1138 92 1186 0
104 1142 161 1187 mibi
173 1139 223 1187 sola
233 1141 278 1186 mei
289 1154 356 1202 super
366 1139 514 1200 Astyanactis
523 1140 613 1203 imago!

70 1204 111 1252 Sic
122 1205 209 1261 oculos,
221 1205 254 1251 sic
264 1204 303 1252 ille
312 1220 400 1260 manus,
412 1206 445 1251 sic
455 1220 496 1252 orn
505 1206 589 1252 ferebat
595 1222 604 1263 ;
693 1209 742 1255 490

69 1267 106 1317 Et
117 1286 180 1317 nunc
191 1270 273 1331 aequali
283 1277 361 1317 tecum
369 1270 501 1331 pubesceret
512 1285 569 1317 aero.

63 1368 69 1377 „
105 1335 159 1383 Hos
171 1350 216 1396 ego
227 1334 472 1396 digredienslacrymis
482 1334 564 1382 affabar
574 1336 671 1383 obortis:

68 1398 151 1449 Vivite
160 1400 247 1454 felices,
259 1400 338 1460 quibus
348 1406 385 1446 est
393 1399 485 1447 fortuna
495 1407 585 1464 peracta

69 1464 124 1515 Jam
136 1482 192 1514 sua:
213 1481 255 1513 nos
266 1466 309 1512 alia
320 1480 349 1512 ex
360 1465 409 1513 aliis
418 1467 444 1512 in
454 1466 501 1519 fata
510 1482 624 1513 vocamur.

69 1529 143 1580 Vobis
154 1539 223 1594 parta
231 1531 308 1591 quies:
328 1531 415 1578 nullum
426 1533 495 1579 moris
505 1547 584 1593 aequor
594 1532 715 1589 arandum

69 1597 135 1645 Arra
145 1611 222 1658 neque
233 1595 351 1650 Ausoniae,
362 1611 451 1658 semper
461 1598 564 1644 cedentia
574 1609 640 1652 retro,

71 1661 211 1717 Quaerenda.
239 1660 346 1722 Effigiem
359 1660 447 1708 Xanthi
457 1660 595 1724 TroJ'smque
605 1661 693 1716 videtis,

71 1727 149 1782 Quam
160 1733 246 1773 vestrre
255 1722 330 1772 secere
340 1740 436 1783 manus3
452 1728 589 1780 melioribus,
599 1732 665 1787 optor

70 1792 194 1855 Auspiciis,
206 1798 230 1837 et
240 1805 292 1851 quae
302 1789 370 1837 suerit
380 1792 457 1839 minus
467 1792 534 1838 obvia
545 1790 629 1837 Graiis.

71 1855 199 1918 siquando
210 1854 327 1916 Thybrim,
339 1857 458 1916 vicinaque
468 1853 591 1915 Thybridis
601 1868 656 1900 arra
692 1856 741 1902 500

70 1919 171 1976 Intrdro,
182 1922 291 1983 gentique
301 1935 359 1967 meae
370 1921 422 1967 data
432 1920 518 1966 moenia
528 1934 625 1975 cernam,

70 1986 193 2050 Cognatas
203 1986 270 2033 urbes
280 1986 340 2041 olim,
351 1986 492 2048 populosque
501 1983 645 2046 propinquos,

70 2051 152 2114 Epiro,
165 2049 286 2113 Hesperii,
298 2051 390 2113 (quibus
400 2051 461 2097 idem
473 2048 596 2096 Dardanus
606 2057 691 2104 auctor,

70 2118 151 2178 Atque
162 2116 222 2163 idem
233 2112 310 2174 casus)
322 2130 391 2162 unam
401 2113 511 2161 faciemus
521 2123 639 2177 utramque

69 2181 126 2229 Tro·
177 2181 265 2235 animis.
292 2179 389 2227 Manent
399 2187 493 2227 nostros
500 2195 528 2226 es
538 2194 592 2227 cura
602 2188 702 2244 nepotes.

102 2197 257 2294 ffieffimm
266 2245 348 2308 pelago
357 2245 433 2293 vicina
444 2243 556 2293 Ceraunis
562 2247 643 2309 juxta;

69 2311 142 2360 Unde
152 2312 197 2358 iter
207 2308 305 2364 Italiam.
316 2325 441 2371 cursusque
449 2310 595 2359 brevissimus
604 2310 679 2358 undis.

69 2377 112 2424 Sol
122 2377 170 2424 ruit
178 2376 272 2430 interes,
283 2382 308 2423 et
317 2382 407 2423 montes
417 2376 548 2429 umbrantur
557 2377 630 2438 opaci.

70 2442 200 2490 sternimur
211 2447 296 2502 optstoe
305 2442 393 2503 gremio
402 2440 490 2488 telluris
500 2441 529 2487 sd
539 2441 630 2495 undum,

71 2506 151 2554 sortiri
162 2519 245 2560 remos,
255 2505 383 2567 passimque
393 2506 416 2552 in
426 2506 494 2553 litore
504 2506 564 2552 sicco
693 2503 743 2547 510

71 2569 177 2633 Corpora
187 2585 307 2617 curamusz
325 2569 398 2617 sessos
409 2570 566 2632 soporsirrigat
576 2572 646 2612 artus·

71 2635 179 2688 Necdum
190 2635 268 2682 orbem
279 2635 379 2683 medium
390 2634 447 2682 Nox
457 2634 519 2681 horis
529 2637 580 2677 acts
590 2627 689 2674 subibat:

72 2700 144 2752 Haud
155 2700 234 2766 segnis
245 2707 318 2750 struto
327 2700 402 2765 surgit
413 2698 541 2752 Palinurus,
553 2699 577 2742 et
587 2705 666 2740 omnes
