1709 2925
584 2 780 15 vfssmqr

215 127 382 211 AENEIDQS
396 127 455 178 er
461 128 535 177 VIII.
664 135 713 181 267

13 299 18 304 .
35 259 117 320 Dixit,
130 265 154 307 et
166 259 283 322 amplexor
294 261 341 306 nati
353 257 468 321 Cytherea
477 259 572 322 petivit3

1 363 9 369 .
37 328 115 373 Arma
127 326 170 371 aub
178 324 274 371 adversb
282 326 358 387 poauit
369 326 477 372 radiantia
487 340 578 385 quercu·

37 388 84 436 Ille
95 390 159 448 Deae
171 390 236 436 donia
247 398 271 435 et
281 396 345 436 tanto
355 390 422 436 laetua
433 391 519 436 honore

38 453 140 516 Expleri
151 455 236 515 nequit,
248 462 315 515 atque
326 455 405 501 oculos
415 471 456 517 per
466 455 556 516 ringula
566 453 644 510 volvit,

39 518 196 580 Miraturque,
207 521 311 579 interque
321 534 401 566 manua
412 528 435 566 et
445 520 535 566 brachia
545 526 621 566 vereat
663 522 712 570 619

39 581 176 631 Terribilem
188 584 261 631 criatia
272 584 359 646 galeam
371 583 517 644 flammasque
528 591 665 641 vomentem,

38 646 214 710 Fatiierumque
224 663 308 703 ensem,
319 649 412 695 loricam
425 663 454 695 ex
466 664 511 696 aere
522 648 640 709 rigentem,

39 713 203 776 Sanguineam,
213 714 336 775 ingentem,
349 713 427 773 qualia,
440 729 491 759 cum
503 712 588 759 coerula
598 714 669 761 nubea

40 778 102 825 Solis
113 778 235 825 inardescit
245 778 319 832 radlia,
331 778 445 840 longeque
453 777 566 839 refulget;

39 841 102 890 Turn
113 844 177 890 levea
188 858 266 890 ocreae
276 843 360 889 electro
371 858 470 903 auroque
482 850 579 895 recocto,

40 906 194 969 Haatarnque,
205 915 228 954 et
238 907 311 969 clypei
323 922 369 954 non
381 908 505 954 enarrabile
516 914 612 955 textum.

40 970 92 1020 lllio
104 989 142 1020 rea
154 971 223 1020 Italas
234 972 438 1033 Romanorumque
449 974 582 1034 triumphos,

41 1036 113 1086 Haud
123 1045 202 1085 vatum
214 1038 308 1098 ignarus
318 1038 453 1098 venturique
464 1038 549 1084 inaeiua
560 1037 610 1091 aevi,

40 1100 139 1150 Fecerat
150 1100 299 1166 Ignipotens,
316 1103 361 1149 illic
372 1117 446 1165 genua
457 1117 525 1149 omne
535 1102 618 1162 sutprae

42 1168 124 1230 Stirpis
136 1169 163 1214 ab
175 1167 282 1222 Ascanio,
293 1174 438 1229 pugnataque
449 1168 473 1212 in
484 1168 562 1214 ordine
572 1168 637 1214 bella.

42 1232 140 1284 Fecerat
149 1240 173 1279 et
183 1232 249 1278 viridi
259 1232 329 1279 fetam
341 1231 456 1278 Mavortis
467 1233 490 1277 in
502 1240 567 1278 antro
662 1235 712 1279 630
771 1267 775 1268 γ

42 1296 195 1346 Procubuiaae
206 1297 294 1358 lupam:
313 1298 418 1359 geminos
429 1297 482 1342 huie
493 1297 560 1343 ubera
571 1296 655 1343 circum

42 1361 135 1411 Ludere
145 1362 269 1423 pendentes
279 1377 367 1423 pueros,
379 1371 403 1408 et
412 1362 511 1408 lambere
521 1368 616 1407 matrem

42 1426 190 1491 Impavidoa3
208 1426 268 1474 illam
280 1428 344 1474 tereti
356 1427 445 1474 cervice
455 1426 562 1474 reflexam

41 1493 149 1543 Mulcere
159 1492 265 1547 alternos,
277 1501 300 1538 et
311 1508 405 1554 corpora
417 1492 504 1554 fingere
513 1489 599 1555 lingui.

41 1557 94 1606 Nec
109 1558 190 1622 procul
206 1558 258 1604 binc
274 1555 380 1613 Romam,
394 1566 419 1604 et
435 1568 509 1621 raptat
525 1558 574 1605 aine
590 1572 653 1605 more
670 1557 711 1605 Sa·

139 1624 204 1673 burna

42 1687 160 1739 Conseaau
171 1703 256 1742 cavere,
267 1690 357 1750 magnit
370 1687 515 1738 Circensibus
526 1689 588 1742 acb'r,

41 1754 176 1809 Addiderat,
187 1754 304 1815 cubitoque
315 1769 399 1800 novum
411 1769 549 1815 coniungere
558 1753 641 1799 bellum

41 1818 181 1873 Romulidis,
191 1816 302 1880 Tatioque
313 1820 368 1874 aeni,
381 1817 523 1879 Curibusque
534 1818 625 1864 severia.

42 1883 102 1932 Post
112 1884 180 1938 idern,
191 1884 250 1930 inter
261 1899 285 1929 ae
296 1885 370 1944 posito
382 1884 510 1936 certamine,
522 1897 589 1943 reges

41 1949 134 1998 Armati
145 1947 212 1997 Jovia
223 1954 276 1994 ante
287 1963 355 2002 aram,
366 1956 499 2010 paterasque
510 1954 620 2000 tenentes,
663 1949 712 1994 640

42 2014 145 2067 Stabant,
157 2021 181 2060 et
192 2011 250 2059 caesia
256 2014 384 2075 jungebant
394 2013 481 2060 foedera
490 2010 567 2073 porei„

41 2078 115 2129 Haud
127 2078 204 2140 procul
215 2077 274 2132 inde,
285 2080 337 2125 citae
349 2078 440 2126 Metam
452 2079 475 2124 in
487 2078 575 2123 diversa
585 2077 702 2141 quadrigae

42 2142 188 2193 Diatulerant
200 2144 234 2207 (at
246 2149 270 2189 tu
282 2143 355 2198 diutia,
368 2144 463 2197 Albane,
473 2140 602 2203 manereai)

41 2207 201 2271 Raptabatque
209 2208 252 2254 viri
263 2207 377 2254 mendacia
388 2209 475 2255 viscera
485 2206 567 2254 Tullus

42 2273 190 2329 Perailvam,
203 2279 226 2319 et
237 2273 309 2333 aparai
320 2273 425 2320 rorabant
434 2274 548 2335 sanguine
557 2287 644 2335 veprer.

41 2338 142 2387 Necnon
153 2336 301 2398 Tarquinium
313 2339 409 2399 ejectum
424 2337 541 2385 Porsenna
548 2338 640 2400 jubebat

43 2402 162 2464 Accipere,
173 2402 306 2464 ingentique
317 2403 393 2449 urbem
405 2403 519 2449 obsidione
530 2403 644 2465 premebat
650 2417 659 2457 3

42 2466 155 2519 AEneadae
167 2467 190 2512 in
200 2467 285 2512 ferrum
296 2483 338 2529 pro
349 2467 452 2515 libertate
463 2468 563 2514 ruebant.

43 2532 113 2581 Illum
125 2531 252 2593 indignanti
263 2533 366 2586 similem,
378 2533 520 2592 similemque
530 2528 632 2582 minanti,

43 2596 196 2661 Adspicerer3
212 2604 305 2660 pontem
316 2596 409 2646 auderet
420 2597 481 2657 quod
492 2594 576 2642 vellere
587 2591 677 2648 Cocles,
