1709 2925
226 51 392 105 AENEIDOS
409 54 496 104 Lrnl.
666 62 697 108 ct

20 186 22 227 i
88 187 120 199 ··
260 186 265 220 r
476 186 513 198 ··
619 188 625 200 ·

32 315 83 364 Non
93 319 203 380 potuisse,
212 315 295 379 tuique
305 318 403 364 unimam
413 319 471 364 hanc
481 317 596 365 effimdere
606 316 701 366 dextri?

33 381 109 437 Serus
120 384 158 430 ubi
169 382 275 430 AEucidae
285 382 331 430 telo
337 383 400 444 jacet
411 381 507 437 Hector,
517 384 555 430 ubi
565 384 647 447 ingens

34 444 142 510 Sarpedon
152 466 159 507 3
177 449 215 495 ubi
226 455 261 494 tot
272 448 357 495 Simois
367 456 470 511 correpte
480 449 521 495 rub
531 449 597 496 undis
608 440 618 459 ⁸
652 453 702 498 too

36 512 100 560 Scuta
110 513 187 560 virrlm
198 513 319 576 galeasque
330 520 353 560 et
363 512 431 561 sortis
442 529 536 576 corpora
545 515 625 562 volvit.

63 576 128 625 Talis
133 578 232 641 jactanti
242 579 339 625 stridens
349 577 466 639 Aquilone
475 579 574 641 procella

37 640 115 690 Velum
126 644 222 691 adversa
229 642 290 699 ferit,
301 642 427 706 fluctusque
437 644 467 690 nd
477 644 550 691 sideru
560 644 627 691 tollit.

37 706 180 771 Franguntur
191 710 247 755 remi
253 726 263 766 ;
279 716 327 756 tum
338 724 404 771 prora
415 709 504 763 avertit,
516 716 540 755 et
549 710 616 756 undis

37 771 82 820 Dat
91 775 150 821 latus
156 791 165 831 ;
181 774 307 834 insequitur
317 774 407 822 cumulo
415 781 542 836 praeruptus
553 789 618 835 aquae
628 786 701 823 mons.

38 836 68 884 Hi
79 854 167 903 summo
177 839 201 885 in
213 837 284 886 fluctu
294 840 404 902 pendent:
420 840 457 886 bis
466 839 527 886 undu
537 838 654 887 dehiscens

39 902 126 953 Terram
138 905 198 950 inter
208 903 291 951 fluctus
301 905 390 967 sperit3
406 903 462 951 furit
473 913 542 952 aestus
552 906 634 952 arenis.

40 967 91 1016 Tres
101 969 179 1016 Notus
190 971 291 1032 obreptus
303 970 326 1016 in
338 985 393 1017 saxa
403 970 496 1017 latentis
506 979 610 1032 torquet:

40 1031 105 1095 [saxa
115 1042 199 1082 vocant
211 1033 263 1081 Itali
274 1035 353 1082 mediis
361 1050 413 1097 quae
423 1036 448 1081 in
458 1035 563 1083 fluctibus
572 1034 660 1099 Arasz]

40 1097 134 1147 Dorsum
145 1102 245 1148 immane
254 1102 310 1147 mari
322 1097 431 1148 summos
452 1099 511 1148 Tres
522 1101 599 1149 Eurus
608 1102 637 1148 sb
647 1102 695 1148 ulto

42 1161 65 1210 ln
74 1167 148 1221 brevia
157 1175 182 1212 et
193 1174 266 1226 syrtes
277 1174 351 1228 urget,
362 1165 488 1213 miserabile
498 1167 554 1220 visu,
632 1204 635 1211 .
654 1169 699 1213 111

42 1226 148 1292 Illirlitque
158 1231 229 1286 radis,
242 1239 309 1292 atque
320 1246 405 1294 aggere
416 1232 489 1291 cingit
500 1246 582 1278 arenae.

43 1293 118 1351 Unam,
130 1295 278 1358 quae'Lycios
288 1295 403 1358 fidumque
413 1297 509 1342 vehebat
519 1295 630 1352 Oronten,

20 1404 21 1407 ,
43 1357 109 1421 Ipsius
120 1369 171 1408 ante
182 1361 261 1408 oculos
271 1363 354 1422 ingens
365 1377 379 1408 s
389 1362 474 1408 vertice
484 1369 567 1423 pontus

45 1421 70 1471 ln
76 1428 162 1489 puppim
172 1427 241 1475 ferit:
261 1428 379 1483 excutitur,
391 1442 521 1490 pronusque
531 1427 640 1490 magister

45 1488 142 1539 Volvitur
151 1495 175 1540 in
187 1499 269 1556 caput;
287 1500 323 1540 sst
333 1493 394 1540 illam
406 1502 441 1539 ter
448 1491 530 1540 fluctus
540 1494 623 1540 ibidem

45 1553 135 1618 Torquet
146 1574 218 1621 agens
229 1559 322 1614 circum,
332 1565 357 1606 et
367 1559 456 1621 rapidus
466 1565 532 1607 vorat
542 1573 633 1621 aequme
643 1572 697 1606 ror·

129 1631 175 1672 tex.

47 1684 151 1749 Apparent
162 1690 206 1737 rari
217 1696 298 1737 nentes
309 1689 333 1736 in
344 1691 436 1753 gurgite
446 1696 528 1747 vasto;

48 1750 110 1801 Arma
118 1755 198 1810 virini,
210 1754 344 1816 tabulaeque,
356 1761 379 1802 et
390 1754 462 1801 TroIa
472 1769 533 1817 gaza
543 1768 583 1814 per
594 1750 673 1799 undas.

48 1814 92 1863 er
100 1820 194 1866 validum
206 1817 288 1867 Ilionei
299 1835 390 1878 navem,
398 1822 446 1883 jam
457 1818 524 1865 fortis
535 1818 639 1872 Acbstae,
656 1820 706 1864 120

48 1878 76 1926 Et
84 1883 123 1944 qui
133 1893 212 1934 vectus
223 1884 294 1939 Abas,
305 1894 329 1932 et
338 1884 383 1947 qui
394 1884 532 1948 grandaevus
542 1882 630 1939 Aletes,

50 1942 102 1995 Vicit
111 1951 196 2009 biems3
213 1951 271 1998 laxis
281 1952 377 1998 laterum
389 1949 535 2012 compagibus
546 1963 625 1996 omnes

48 2009 157 2077 Accipiunt
165 2017 283 2063 inimicum
295 2018 396 2073 imbrem,
408 2016 515 2075 rimisque
523 2012 638 2064 fatiscunt.

75 2076 159 2130 Interea
168 2097 255 2145 magno
265 2082 354 2129 misceri
365 2096 480 2128 murmure
489 2087 591 2142 pontum,

50 2138 195 2209 limisrsrnque
205 2148 301 2194 hiemem
314 2148 385 2194 sensit
395 2146 524 2208 Neptunus,
535 2154 560 2193 et
569 2146 621 2193 imis

52 2207 124 2273 Stagna
134 2212 208 2260 refusa
218 2214 289 2267 vrtdir,
300 2213 401 2274 graviter
410 2219 551 2269 commotum
567 2219 598 2266 et,
609 2211 657 2259 ulto

53 2270 187 2337 Prospiciens,
199 2275 289 2326 summi
299 2277 409 2339 placidum
421 2284 488 2339 caput
498 2277 580 2325 extulit
589 2275 657 2325 undi-

53 2335 163 2402 Disjecnm
173 2343 260 2392 AEneae
271 2350 319 2390 toto
330 2343 391 2390 videt
402 2357 493 2403 aequore
503 2343 616 2398 classem

53 2398 152 2454 Fluctibus
163 2424 283 2471 oppressos
293 2406 366 2455 Troas
377 2408 473 2468 coelique
484 2406 555 2456 ruint.

52 2462 93 2514 Nec
101 2470 182 2520 latuere
193 2474 239 2521 doli
249 2474 341 2520 fratrem
352 2471 451 2521 Iunonis
462 2474 545 2519 etirae.
659 2468 708 2511 130

53 2527 126 2584 Eurum
147 2538 175 2585 sd
198 2554 224 2589 se
245 2538 419 2603 Zephyrumque
440 2543 526 2591 uocnt;
553 2529 634 2578 dehiue
655 2528 709 2573 isliu

131 2601 191 2656 intur
199 2622 207 2659 ς,

498 2671 517 2704 x
