1709 2925
136 155 189 210 210
323 148 489 236 AENEIDOS
504 146 557 200 Lm
569 148 619 205 Ἦ.
670 179 675 186 ·

139 279 286 330 Horrendum
295 280 397 335 stridens,
407 278 548 340 flammisque
558 286 645 329 mmata
655 280 787 340 Chimaera

138 346 267 408 Gorgones,
279 343 442 405 Harpyiaeque.
453 351 477 392 at
486 344 560 392 forma
570 346 700 409 trieorporis
712 350 814 397 umbra.

138 408 237 473 Corripit
246 411 283 458 hic
294 407 366 456 subiti
376 409 475 470 trepidus
484 408 603 468 ionuidine
612 411 698 460 ferrum
763 418 813 466 290

135 474 229 529 AEneas,
240 476 383 534 strictamque
392 475 463 521 aciem
474 475 614 522 venientibus
625 475 706 536 offert3

135 537 176 592 Et,
187 540 210 587 ni
220 540 288 587 docta
297 553 374 585 comes
385 545 464 586 tenues
475 539 523 585 sine
533 553 627 601 corpore
637 543 696 589 vitas

135 604 265 654 Admoneat
275 604 369 651 volitare
378 601 435 649 oavia
444 604 485 650 ωδ
495 604 594 665 imagine
601 603 689 664 forma,

135 667 218 726 Irruat,
229 677 253 717 et
262 670 346 717 frustra
354 666 414 715 ferro
424 668 549 715 diverberet
560 669 657 717 umbras.

169 733 233 782 Hinc
243 736 286 790 vio,
294 732 397 781 Tartarei
406 747 459 793 quae
469 731 513 779 fert
522 732 661 782 Acherontis
671 736 701 783 ad
712 737 798 784 undas·

135 796 248 850 Turbidus
258 801 294 847 luc
305 814 371 845 ooeno
381 795 489 857 vastique
500 798 607 859 voragine
617 814 705 863 gurges

135 863 235 921 AEstuat,
246 873 313 926 atque
323 878 413 910 omnem
425 860 515 923 Cocyto
525 871 611 910 eructat
620 879 721 914 meam

135 927 237 976 Portitor
247 931 288 976 has
299 928 422 975 horrendus
429 942 502 988 aquas
512 935 536 972 et
545 926 640 976 flumina
650 941 726 979 ωηατ

134 991 237 1044 Terribili
249 993 350 1054 squalore
362 990 469 1049 Charou;
486 992 522 1038 oui
532 992 627 1053 plurima
637 1005 717 1045 mento

132 1057 235 1108 Canities
246 1057 330 1105 inculta
335 1058 411 1119 jacet3
426 1063 488 1104 stant
497 1056 583 1104 lumina
592 1056 699 1119 flammi3
751 1063 804 1109 300

135 1123 242 1171 Sordidus
253 1137 282 1169 ex
291 1122 390 1168 humeris
400 1122 461 1169 nodo
472 1121 581 1183 dependet
591 1123 696 1174 amictus.

133 1185 186 1248 Ipse
197 1194 268 1235 ratem
279 1194 347 1234 conto
357 1187 447 1249 subigit,
459 1185 559 1247 velisque
568 1187 688 1245 ministrat,

133 1251 166 1299 Et
176 1249 304 1315 ferruginei
314 1251 430 1300 subuectat
441 1266 534 1313 corpora
544 1250 631 1312 cymbi,
656 1286 659 1294 .

131 1314 185 1365 Jam
196 1319 284 1375 semion
301 1316 340 1364 sed
351 1317 420 1364 cruda
429 1314 484 1362 Deo
494 1316 615 1377 viridisque
624 1326 736 1371 senectus

133 1380 189 1429 Huc
199 1383 273 1429 omnis
282 1382 347 1430 turba
356 1381 385 1430 ad
395 1382 455 1443 ripas
465 1379 536 1428 effirsa
545 1381 622 1429 ruebat
627 1399 636 1440 ς

132 1445 221 1494 Matres
227 1454 299 1509 atque
309 1446 358 1504 viri,
369 1445 519 1508 defunctaque
529 1461 622 1508 corpora
632 1447 690 1497 viti.

131 1510 306 1574 Magnanimum
316 1513 419 1568 heroum,
429 1512 493 1573 pueri
503 1512 649 1574 innuptaeque
659 1516 749 1577 prellae,

131 1573 279 1639 Impositique
287 1578 351 1639 rogis
358 1579 455 1640 Juueues
466 1584 518 1623 ante
528 1592 568 1623 ora
578 1580 712 1638 parentum:

132 1641 207 1695 Quam
218 1643 289 1689 multa
299 1642 322 1688 in
334 1642 397 1689 silvis
407 1641 523 1689 auctumni
531 1640 617 1703 frigore
626 1644 701 1705 primo
749 1652 798 1697 809

130 1704 207 1770 Lapsa
217 1708 300 1757 cadunt
309 1706 377 1766 iolia3
394 1706 470 1755 autad
479 1712 562 1753 terram
572 1709 665 1769 gurgite
676 1711 705 1758 ab
714 1712 763 1761 alto

130 1771 206 1826 Quam
217 1772 295 1820 multae
304 1772 459 1835 glomerantur
468 1786 528 1825 aves,
539 1771 576 1817 ubi
585 1770 683 1834 frigidus
692 1790 767 1831 mnu,

129 1835 204 1887 Trans
215 1845 310 1901 pontum
319 1836 391 1901 fugat,
402 1843 426 1883 et
437 1837 502 1882 terris
512 1836 614 1885 immittit
623 1839 713 1900 apricis,

130 1901 225 1951 Stabant
235 1912 325 1952 orantes
334 1902 400 1966 pr'uni
410 1900 561 1948 transmittere
571 1916 669 1959 cursum,

129 1960 305 2029 Tendehautque
315 1982 396 2016 manus
406 1967 462 2028 ripae
472 1965 584 2012 ulterioris
594 1981 685 2016 amores

129 2027 216 2078 Navita
224 2033 266 2078 sed
276 2034 346 2080 tristis
357 2047 417 2080 nunc
427 2032 478 2088 hos,
490 2045 550 2077 nunc
559 2031 641 2093 accipit
651 2032 704 2081 illos
710 2051 720 2094 ς

128 2092 175 2142 Ast
185 2095 241 2142 alios
250 2096 321 2159 louge
330 2098 446 2144 submotos
455 2103 518 2143 arcet
527 2093 602 2142 areni.

123 2157 223 2221 AEnm,
232 2161 326 2208 miratus
337 2162 403 2216 enim,
415 2168 534 2221 motusque
543 2160 650 2216 tumultu,

127 2222 183 2279 Dic,
194 2223 231 2279 ait,
243 2240 257 2271 o
267 2226 341 2287 virgo,
350 2227 404 2286 quid
414 2226 464 2273 vult
474 2240 596 2272 concursus
606 2226 636 2272 ad
646 2228 755 2276 amnem?

128 2287 220 2343 Quidve
230 2295 310 2350 petunt
319 2289 418 2336 animas?
435 2290 472 2338 vel
480 2306 526 2351 quo
537 2290 665 2339 discrimine
675 2293 735 2355 ripas

127 2352 298 2414 Relinquunt,
308 2354 355 2402 illae
365 2355 434 2401 remis
444 2355 502 2403 rada
511 2354 580 2401 livida
589 2358 703 2405 verrunt?
741 2363 793 2413 820

126 2418 174 2465 Olli
185 2417 218 2465 sic
227 2417 325 2466 breviter
333 2417 380 2469 iata
389 2426 425 2467 est
433 2419 540 2480 longeva
550 2419 668 2469 sacerdos:

126 2479 229 2530 Anchisa
238 2490 351 2546 generate,
363 2483 429 2531 dellm
440 2483 565 2530 certissima
574 2484 655 2545 proles,

126 2544 209 2608 Cocyti
218 2554 302 2611 stagna
311 2548 357 2596 ulta
365 2549 436 2604 vides,
447 2548 597 2610 Stygiamque
607 2549 719 2610 paludem,

125 2606 162 2657 Di
171 2612 235 2674 eujus
240 2613 317 2677 iurare
327 2613 408 2663 timeat
418 2620 443 2661 at
451 2610 529 2675 fallere
539 2627 630 2663 numen.
720 2654 722 2657 .
