1709 2925
357 104 490 164 CULEX.

79 246 141 300 Hir
149 244 241 302 canus,
252 245 319 293 clarae
329 244 404 292 socius
413 244 505 292 viantis
515 249 538 291 et
548 242 587 291 ilis

83 314 215 368 Fabricius,
226 312 295 358 cessit
305 310 342 359 cui
351 309 423 357 fracta
434 310 535 372 potentia
545 308 614 372 regis.

81 379 148 429 Jure
156 378 227 442 igitur
237 376 294 423 tales
305 375 369 422 sedes
378 375 470 438 pietatis
479 376 582 421 honorat.

80 442 141 493 Illic
152 441 308 505 Scipiadteque
317 440 393 494 duces,
404 440 487 488 devota
496 439 615 502 triumphis
635 453 637 456 ’
690 456 692 459 ·
705 441 759 488 970

82 508 181 557 Moenia
191 521 248 569 quoa
258 505 341 569 rapidis
351 504 446 567 Libycae
457 502 603 566 Carthaginis
613 503 714 554 hument

81 571 126 621 Ilii
138 573 203 620 laude
214 568 255 619 sud
265 571 373 633 vigeents
392 585 437 634 ego
448 568 513 616 Ditis
523 584 606 631 opacos

80 636 168 700 Cogor
177 636 239 684 adire
247 636 318 691 lacus,
328 634 432 683 viduatos
442 635 528 681 lumine
539 633 628 689 Phoebi,

78 702 119 754 Et
130 707 220 750 vastum
232 700 399 763 Phlegethonta
406 692 424 758 ;χ
431 707 481 747 atro
491 714 537 761 quo
546 698 641 746 flumine
651 698 740 751 Minos

80 766 247 817 conscelerata
257 763 294 827 pii
303 766 410 812 discernit
420 764 499 812 iimina
509 765 569 813 sede.

81 832 154 895 Ergo
162 833 212 896 jam
220 845 313 880 causam
322 832 411 886 mortis,
418 831 467 893 jam
479 830 554 878 dicere
563 830 625 887 vitae‚

78 895 222 945 Verberibus
233 911 296 944 saevo
306 903 393 958 cogunt
403 895 501 959 aJ'udice
511 894 606 943 Poenaet

77 961 147 1014 (bum
155 962 211 1009 mihi
222 968 248 1009 tu
258 962 289 1008 sis
300 976 367 1009 causa
377 961 439 1017 maii,
449 976 492 1008 nec
503 961 607 1008 conscius
617 959 692 1020 sdaisp

84 1028 134 1077 Sed
143 1026 295 1075 tolerabilibus
305 1027 366 1073 curis
376 1026 426 1074 haec
437 1027 556 1073 immemor
567 1025 647 1083 audis3

81 1092 156 1151 Haec,
166 1107 226 1140 vana
235 1099 267 1148 ut,
279 1092 361 1155 rapidis
371 1092 494 1148 dimittens,
505 1092 599 1147 somnia,
610 1090 692 1138 ventis.
706 1092 757 1140 380

80 1158 217 1221 Digredior,
228 1172 342 1218 nunquam
354 1157 474 1205 rediturus.
505 1156 544 1203 Tu
554 1154 604 1204 cole
614 1155 698 1214 sontes,

79 1222 116 1274 Et
127 1222 211 1271 virides
220 1237 339 1270 nemorum
351 1222 419 1269 silvas
430 1230 454 1269 et
464 1236 548 1285 pascua
557 1222 642 1280 laetur5

80 1289 118 1339 Et
128 1302 181 1336 mea
190 1286 282 1336 diffusas
292 1286 407 1350 rapiantur
417 1287 477 1334 dicta
488 1302 528 1349 per
538 1301 610 1335 auras.
650 1346 651 1353 ἵ

81 1353 160 1410 Dixit,
171 1360 195 1400 et
205 1350 307 1400 extremi
317 1353 388 1399 tristis
399 1367 451 1399 cum
462 1367 521 1399 voce
531 1353 631 1400 recessit.

116 1417 189 1467 Hunc
200 1417 237 1466 ubi
248 1417 369 1466 sollicitum
380 1418 465 1466 dimisit
474 1418 555 1467 inertia
566 1418 647 1475 somni,

81 1483 202 1548 Ingemuit
212 1485 319 1546 graviter,
330 1490 431 1532 mentem
444 1500 522 1548 seger3
539 1500 582 1533 nec
591 1484 722 1533 tuiituitra-

81 1548 302 1598 Senaibminiusum
313 1549 634 1601 culicisdemortedolorem.
763 1555 769 1566 “

81 1615 299 1676 Quantumcumque
309 1614 351 1663 sibi
361 1616 422 1663 vires
433 1614 531 1663 tribuere
542 1616 631 1671 seniles,

81 1680 157 1736 Queis
167 1687 243 1727 tamen
254 1678 361 1727 infestum
371 1696 477 1744 pugnans
487 1680 601 1728 devicerat
609 1682 706 1737 hostem,

80 1745 170 1797 Rivum
179 1751 273 1807 propter
284 1760 355 1806 aqnae,
367 1747 434 1793 viridi
445 1747 486 1792 sub
496 1746 576 1794 froude
586 1746 693 1793 latentem
704 1749 755 1793 890

80 1809 233 1861 Coniormare
242 1809 319 1859 locum
329 1819 394 1873 parat
403 1811 515 1874 impiger:
534 1812 594 1858 hunc
605 1810 630 1857 et
640 1812 664 1857 in
675 1811 751 1859 orbem

78 1875 197 1931 Destinat,
206 1889 236 1923 ac
244 1874 300 1923 ierri
311 1876 416 1939 capulum
427 1876 533 1938 repetivit
543 1877 566 1922 in
576 1891 652 1931 usum,

80 1941 230 1990 Graminestn
241 1948 268 1988 ut
277 1942 343 1989 viridi
353 1941 441 1989 foderet
451 1942 479 1989 de
490 1942 582 2004 eaespite
592 1949 683 1988 terram.

79 2007 135 2057 Jam
146 2020 234 2054 memor
243 2007 359 2069 inceptum
368 2017 481 2070 peragens
491 2008 533 2053 ribi
543 2021 598 2054 cura
607 2007 715 2064 inborun,

79 2073 211 2134 Aggestnn
222 2072 345 2119 cumulavit
354 2073 449 2119 humum
458 2089 466 2130 ς
478 2072 573 2135 jamque
583 2087 670 2136 aggere
679 2072 755 2120 multo

80 2136 182 2185 Telluris
194 2138 295 2184 tumnlm
305 2137 427 2185 formatum
438 2138 510 2184 erevit
519 2139 543 2184 in
555 2138 640 2185 orbern.

81 2202 158 2258 Quem
169 2203 256 2249 circum
267 2202 365 2265 lapidum
376 2202 421 2250 levi
433 2203 462 2250 de
471 2218 585 2251 marmore
591 2203 704 2258 formans,

79 2266 194 2324 conserit,
206 2267 302 2315 assiduo
309 2282 373 2316 curae
383 2283 485 2316 mernor:
505 2270 542 2315 hic
552 2276 577 2315 et
586 2269 695 2316 acanthus

79 2332 115 2383 Et
125 2348 177 2380 rosa
185 2345 299 2396 purpureo
310 2333 391 2381 crescit
400 2334 525 2382 rubicunda
536 2334 628 2392 colore3

77 2397 114 2449 Et
121 2396 189 2445 riciae
196 2397 388 2460 genusonmehic
395 2407 438 2455 est,
446 2399 600 2463 Spartamque
607 2401 755 2460 myrtuaiiio

80 2463 160 2524 Atque
170 2463 312 2523 hyacinthus,
324 2470 348 2510 et
358 2464 395 2511 hic
404 2462 474 2513 Cilici
483 2477 565 2511 crocum
575 2464 649 2511 εάἰωι
657 2469 736 2520 antro3

80 2526 171 2575 horus
178 2527 232 2574 item
242 2525 324 2574 Phoebi
332 2543 429 2591 surgens
436 2530 519 2576 decus:
538 2526 752 2591 hierbododnphne,

80 2591 192 2652 Liliaque,
201 2599 228 2637 et
238 2592 296 2639 roris
307 2607 353 2640 non
362 2593 416 2640 aria
426 2608 481 2640 cura
490 2592 579 2647 marini,

81 2655 205 2721 flauaque
214 2656 288 2708 thum
298 2671 353 2724 opes
363 2653 444 2723 prieris
454 2658 542 2714 imitata
552 2657 649 2717 Sabinis,
