1709 2925
239 126 408 187 AENEIDOS
425 129 478 179 Lrs.
489 129 524 181 ll.
667 138 717 185 119

59 261 103 311 Nec
111 264 166 312 miri
172 265 222 328 jam
233 265 328 328 petriam
339 263 453 326 sntiqusm
465 279 517 328 spes
527 263 572 313 ulls
582 263 680 323 ridendi,

56 327 102 377 Nec
111 330 187 377 dulces
198 336 266 378 ustos
275 336 450 393 exoptatumque
460 328 592 393 perentem3

58 393 118 448 Quos
126 394 158 442 illi
169 396 218 443 sors
229 394 257 441 sd
267 410 347 458 poenas
358 395 387 442 ob
397 403 474 442 nostre
484 402 604 458 reposcent

57 456 150 521 Effugia,
162 467 186 507 et
197 460 286 523 culpam
297 460 356 507 hanc
366 460 499 508 miserorum
511 470 584 508 morte
593 460 693 524 piabunt.

58 522 119 578 Quod
128 537 159 581 te,
169 541 212 588 per
222 540 321 588 superos,
334 531 357 571 et
367 526 458 573 conscie
468 526 560 573 numius
570 527 625 580 seri,
668 526 711 573 141

57 586 103 644 Per,
113 591 131 636 si
140 606 186 652 ‘qua
197 598 239 645 est,
250 605 303 651 quse
313 596 382 637 restet
392 588 465 637 adhuc
478 590 609 637 mortalibus
619 600 714 654 usquam

55 648 187 702 intemerate
196 654 260 710 fides,
271 671 319 710 oro,
330 655 437 702 miserere
446 656 548 702 laborum

55 715 190 778 Tantorum
207 721 314 767 miserere
324 720 392 767 animi
403 735 450 767 non
462 719 531 782 digus
540 719 639 768 serentis.

85 782 129 831 His
138 785 245 846 lacrymis
255 786 325 833 vitem
337 785 422 841 domus,
431 792 455 831 et
465 785 629 832 miserescimus
640 785 707 833 ultro.

56 843 105 910 Ipse
113 851 161 897 siro
171 850 257 912 primus
267 850 366 897 manices
377 858 445 912 stque
454 857 516 896 arcta
526 849 596 897 levari

55 910 132 962 Vincls
136 916 202 979 jubet
213 914 331 972 Priamus;
348 915 458 977 dictisque
467 916 500 962 its
509 913 570 961 satur
580 915 670 961 smicisr

55 975 156 1041 Quisquis
167 996 199 1035 es,
211 982 305 1028 amissos
316 981 423 1044 hincjam
436 979 566 1027 obliviscere
577 979 660 1027 Graios
666 995 675 1038 ;

53 1038 134 1091 Noster
144 1047 202 1103 eris;
219 1046 318 1107 mihique
329 1046 378 1092 brec
389 1045 486 1093 edissere
497 1060 550 1092 vers
561 1045 657 1108 roganti.

54 1106 105 1162 Quo
121 1111 203 1157 molem
221 1112 278 1159 bane
293 1110 397 1158 immanis
411 1112 463 1172 equi
477 1108 592 1159 statuere?
608 1110 658 1172 quis
672 1124 712 1157 su·

142 1175 209 1222 ctori
667 1179 715 1222 150

53 1236 138 1291 Quidve
145 1239 242 1304 petunt?
252 1255 305 1302 quae
312 1239 418 1303 relligio?
429 1247 468 1287 sut
475 1254 526 1302 quae
533 1238 637 1288 machina
643 1239 712 1288 bellll

53 1299 152 1353 Dixerat
179 1304 224 1353 Ille
234 1306 292 1353 dolis
302 1307 425 1353 instructus
436 1313 460 1352 et
470 1313 518 1352 srte
529 1304 634 1371 Pelasgi,

54 1366 143 1417 Sustulit
153 1379 233 1418 exutas
242 1371 324 1418 vinclis
334 1371 362 1418 sd
373 1371 446 1418 sidere
456 1371 554 1433 palmas:

53 1430 105 1489 Vos,
116 1436 194 1483 aeterni
205 1437 278 1500 ignes,
289 1443 312 1484 et
322 1451 368 1484 non
378 1435 483 1484 violabile
492 1443 593 1484 vestrum

53 1495 129 1548 Testor
139 1517 231 1557 numen,
243 1503 289 1559 sit;
305 1518 357 1559 vos,
367 1517 419 1558 sne,
431 1517 540 1563 ensesque
550 1502 648 1559 ndandi,

53 1562 113 1617 Quos
122 1566 178 1630 fugi,
190 1568 299 1629 vittaeque
309 1565 395 1623 Deilm,
406 1582 462 1628 quas
472 1568 546 1615 hostia
555 1568 630 1631 gessi:

52 1625 92 1677 Fer
102 1632 154 1679 mihi
167 1633 289 1680 Graiorum
301 1639 387 1679 sscrats
397 1632 510 1679 resolvere
515 1634 574 1695 Jura,

52 1690 92 1741 Fas
102 1697 174 1744 odisse
184 1698 253 1754 uiros,
264 1704 331 1758 etque
342 1698 418 1744 omnis
427 1696 487 1744 ferre
497 1698 538 1744 sub
549 1712 621 1752 suras,

53 1756 75 1803 Si
83 1776 125 1820 qus
134 1769 231 1825 tegunt3
248 1770 327 1809 teneor
337 1762 416 1825 patriae
426 1776 470 1808 nec
480 1762 568 1824 legibus
578 1763 639 1808 ullis.

52 1819 84 1870 Tu
94 1827 159 1874 modo
170 1828 285 1891 promissis
296 1842 396 1883 maneas,
408 1834 542 1886 servataque
553 1841 628 1872 serves
665 1827 712 1875 160

52 1885 113 1953 'froja
123 1891 198 1948 iidem,
211 1892 229 1938 si
240 1908 295 1939 vers
305 1892 384 1947 seram,
396 1891 415 1938 si
425 1904 510 1953 magna
520 1890 648 1952 rependam.

79 1954 156 2004 Omnis
167 1972 219 2020 spes
230 1955 346 2014 Danaum,
358 1966 382 2003 et
392 1956 462 2019 coepti
473 1953 554 2000 fiducia
563 1955 616 2003 belli

52 2015 140 2069 Pslludis
151 2022 240 2071 auxiliis
251 2038 339 2087 semper
350 2021 419 2069 stetit.
452 2017 540 2083 impius
551 2034 580 2067 ex
590 2035 636 2083 quo

49 2080 142 2194 ''lydides
152 2088 193 2135 sed
203 2087 271 2144 enim,
283 2088 438 2150 scelerumque
448 2086 553 2132 inventor
565 2085 668 2150 Ulysses,

67 2152 120 2198 stale
130 2154 234 2217 aggressi
245 2160 333 2200 sacrato
344 2147 442 2200 evellere
453 2151 537 2214 templo

49 2210 173 2274 Psllsdium,
185 2219 252 2266 caesis
262 2233 358 2265 summae
368 2216 498 2264 custodibus
508 2217 572 2275 ercis,

50 2276 177 2345 Corripuere
188 2297 274 2331 soorsm
286 2284 390 2347 effigiem,
402 2283 549 2346 manibusque
558 2285 659 2332 cruentis
684 2315 689 2330 ,

49 2341 162 2408 Virginem
173 2349 222 2395 ausi
232 2349 292 2397 divae
303 2349 435 2411 contingere
445 2349 529 2409 vittam

49 2405 82 2456 Er
91 2409 128 2460 ullo
138 2413 209 2461 fluere
219 2427 246 2461 se
258 2421 318 2461 retro
330 2414 433 2476 sublapsa
443 2413 519 2461 referri

50 2472 99 2535 Spes
109 2477 225 2534 Dandum,
236 2479 314 2526 fractae
325 2481 391 2532 vires,
402 2493 481 2526 eversa
493 2477 553 2525 Deae
563 2489 636 2523 mens.
662 2473 711 2520 170

49 2535 93 2587 Nee
103 2543 173 2591 dubiis
184 2540 212 2591 es
222 2546 289 2607 sigua
300 2543 361 2591 dedit
371 2543 476 2590 Tritonia
486 2541 601 2589 monstris.

47 2597 90 2653 Vix
99 2609 196 2669 positum
208 2611 288 2656 cestris
299 2609 459 2664 simulacrum
477 2604 552 2651 crebre
563 2610 665 2647 coruscos

50 2664 174 2722 luminibus
184 2673 284 2723 flamme
293 2674 394 2729 arrectis,
406 2672 523 2730 sslrusque
532 2679 574 2728 per
583 2670 645 2710 estus
704 2667 711 2676 ·
