1709 2925
145 141 197 188 290'
334 132 498 184 mutuos
514 129 568 182 Lus.
578 131 630 183 lx,

146 267 213 323 Quos
222 266 289 316 Jovis
299 264 376 313 eduxit
385 266 438 312 luco
449 266 558 312 silvestris
569 263 636 320 Iaers,

146 333 264 381 Abiotibus
269 333 368 393 juvenes
378 331 457 393 pstriis
467 339 490 377 et
501 332 615 378 montibus
625 347 715 392 requos,

146 397 246 450 Portum,
258 410 310 457 quae
319 396 383 442 ducis
393 397 486 458 imperio
497 397 623 451 commisso,
635 398 763 449 recludunt

146 461 209 509 Freti
221 461 294 515 annis,
307 461 410 521 ultroque
420 462 518 507 inritant
528 461 642 508 rnoenibus
652 464 756 512 hostem.

146 524 194 589 Ipsi
205 526 266 572 intus
276 525 356 573 dextrd
366 540 393 572 sc
404 525 462 572 taevt
472 541 513 587 pro
524 526 621 573 turnlrus
631 527 728 575 adstant

146 592 236 640 Armati
247 590 316 647 ferro,
327 597 352 637 et
361 589 435 637 cristis
446 592 519 652 cupito
529 591 575 638 olto
584 593 689 649 corusci3

147 655 234 711 Quales
244 656 311 703 aeriae
321 655 428 717 liquentis
439 655 532 702 flumina
541 657 636 714 circum,

147 721 202 769 Sive
213 720 269 768 Pudi
282 722 342 783 ripis,
354 720 459 767 Athesim
470 735 510 767 seu
521 728 613 782 propter
622 733 752 778 smoenutn,
770 728 819 772 680

147 784 297 849 Consurgunt
305 788 405 848 getninoe
416 799 519 845 quercus,
531 786 668 847 intonsoque
679 787 743 834 coelo

147 852 265 899 Attollunt
275 852 353 913 cupito,
364 857 388 897 et
397 850 486 896 sublimi
498 851 584 897 vertice
592 859 684 897 nutant.

146 913 285 979 Irrumpunt,
296 916 369 962 aditus
380 914 461 961 Rutuli
472 913 583 962 arridere
590 923 703 976 potentes.

148 981 264 1031 Continuo
276 981 401 1034 Quercens,
413 988 438 1026 et
446 980 539 1041 pulcher
550 980 679 1040 Aquiculus
689 983 768 1036 armis,

146 1045 181 1093 Et
190 1060 290 1109 praeceps
300 1046 368 1091 suimi
378 1042 484 1108 Tmarus,
493 1053 516 1091 et
527 1044 658 1092 Mavortius
668 1046 781 1103 Haemon,

148 1109 285 1172 Agminibus
295 1110 350 1156 totis
360 1117 400 1155 uut
410 1111 470 1156 uersi
481 1118 545 1171 tergo
556 1108 645 1165 dedere,

147 1176 197 1223 Aut
207 1175 255 1237 ipso
265 1183 337 1236 portae
348 1171 444 1236 posuere
454 1175 477 1219 in
488 1175 566 1220 limine
575 1175 654 1221 vitam.

146 1239 208 1287 Tum
219 1241 292 1303 magis
302 1241 432 1286 increscunt
441 1240 523 1285 animis
532 1239 671 1286 discordibus
683 1241 740 1300 lrae3

147 1304 181 1353 Et
187 1307 235 1369 jum
247 1305 334 1352 collecti
345 1303 419 1350 Troes
428 1303 584 1366 glomerantur
593 1304 683 1359 eodem.

146 1369 180 1418 Et
191 1370 293 1416 conterre
302 1383 395 1415 monum
407 1377 432 1415 et
441 1383 573 1429 procurrere
582 1370 675 1431 longius
687 1371 779 1419 audent

180 1434 279 1483 Ductori
289 1433 376 1489 Turno,
387 1432 476 1481 diuersi
486 1434 509 1480 in
520 1442 584 1497 purte
593 1433 686 1491 furenti,
770 1437 812 1486 69}

147 1499 301 1562 Turbuntique
312 1500 378 1553 viros,
389 1500 501 1562 perfertur
510 1501 609 1555 nuntius,
621 1501 713 1548 hostem

147 1565 247 1613 Fervere
257 1565 319 1612 crede
331 1564 396 1621 novi,
407 1572 431 1611 et
440 1574 517 1626 portus
526 1567 626 1627 praebere
636 1574 750 1628 patentes.

147 1631 243 1680 Deserit
252 1632 372 1692 inceptum,
384 1638 452 1690 etque
462 1631 553 1677 immoni
565 1631 669 1678 concitus
679 1631 716 1679 iri

148 1696 288 1744 Dardanium
299 1696 344 1742 ruit
353 1696 381 1742 sd
392 1703 480 1757 portum
491 1695 615 1757 fratresque
626 1697 753 1758 superbos3

150 1761 181 1810 Et
191 1763 287 1824 primum
299 1761 445 1822 Antiphaten,
456 1761 476 1807 is
486 1762 546 1806 eninr
558 1776 583 1807 se
593 1762 680 1823 primus
692 1764 780 1824 agebot,

52 1870 55 1875 4
146 1825 256 1874 Thebani
266 1827 294 1873 de
302 1833 376 1873 matre
386 1826 480 1872 nothum
493 1825 629 1887 Sarpedonis
638 1827 686 1883 ulti,

148 1890 260 1953 conjecto
271 1893 350 1939 sternit
355 1890 446 1953 Joculo:
466 1891 528 1940 volut
541 1889 597 1939 [tols
608 1906 693 1938 comus

147 1956 210 2004 Aera
220 1970 260 2018 pes
270 1964 379 2011 tenerum,
391 1956 552 2015 stomachoque
562 1955 632 2002 infixa
643 1957 686 2003 sub
697 1958 770 2004 situm

148 2019 233 2067 Pectus
245 2023 304 2079 abit}
321 2022 393 2068 reddit
403 2035 484 2082 specus
494 2022 536 2067 atri
547 2021 649 2068 vulneris
660 2023 747 2069 undam
770 2024 812 2069 700

147 2085 301 2146 Spumantem,
312 2094 335 2133 et
344 2086 391 2132 lino
402 2085 486 2132 serrum
497 2086 520 2131 iu
531 2086 639 2148 pulmone
650 2089 756 2149 tepescit.

146 2148 208 2197 Tum
220 2149 340 2211 Meropem
353 2158 421 2212 atque
435 2150 563 2211 Erymsuts
578 2165 654 2206 munus,
669 2159 721 2198 turo
739 2150 812 2200 sternit

244 2215 266 2261 A
297 2215 389 2273 idnum;

146 2279 208 2328 Tum
219 2217 296 2327 Bitidd
307 2281 422 2327 ardentem
435 2281 514 2338 oculis,
526 2281 652 2342 animisque
662 2280 802 2336 frementem,

146 2344 301 2408 Noujscu103
316 2358 391 2407 neque
401 2347 462 2393 euim
469 2346 548 2408 Jaculo
557 2346 680 2393 dumille
690 2348 800 2395 dedissetz

146 2412 192 2459 sed
203 2425 310 2471 maguum
322 2411 418 2457 stridens
429 2418 534 2458 contorto
543 2411 656 2473 phalerico
667 2413 742 2469 venit,

145 2474 258 2524 Fulminis
269 2484 318 2522 acts
328 2475 410 2532 modo;
427 2490 493 2536 quam
505 2491 547 2522 nec
558 2476 603 2521 duo
614 2484 694 2523 teures
704 2484 777 2539 tergo.

85 2548 90 2555 “
144 2541 197 2587 Nec
208 2539 291 2600 duplici
302 2536 394 2600 squsmi
403 2539 474 2586 lorica
485 2539 557 2586 fidelis
568 2548 591 2595 et
601 2555 657 2586 uuro

144 2603 269 2649 Sustinuit:
289 2603 386 2664 collapso
397 2612 466 2649 ruunt
476 2604 582 2650 immania
593 2604 702 2651 membro

144 2665 194 2714 Dst
202 2665 269 2713 tellus
275 2668 393 2741 gemitum,
400 2674 424 2714 et
432 2667 537 2730 clypeum
545 2683 612 2730 super
620 2669 710 2716 intonat
719 2671 808 2733 ingens:
