1709 2925
155 111 187 156 86
334 102 524 155 GEORGICA.
542 103 595 154 Lu.
607 103 652 152 lv.

157 235 239 284 Omnis
250 235 273 282 in
285 236 327 283 beo
337 241 422 283 certem
434 236 498 297 regio
504 235 561 297 jecit
571 242 620 283 erte
630 236 734 284 sulutem.

157 301 265 363 Exiguus
275 302 380 361 primurn,
391 311 459 360 etque
469 301 530 362 ipsos
540 308 673 348 menuctus
682 303 710 360 sd
721 317 790 363 usus,
847 297 849 364 l

157 365 259 428 Eligitur
269 365 346 413 loeus:
366 366 426 412 hune
437 366 573 427 angustique
583 367 676 413 imbrice
687 370 741 414 tecti
848 369 849 374 ’

157 430 328 491 Parietibusque
338 438 444 493 premunt
454 431 529 487 eretis,
540 437 564 477 et
573 439 681 492 quettuor
691 433 788 490 meunt,

158 496 273 550 Quattuor
284 511 297 544 e
307 497 391 554 ventis,
402 493 492 557 obliqui
500 495 551 543 luce
561 495 681 544 fenestras.

157 560 219 607 Tum
230 562 322 617 vitulus,
331 560 392 609 tint
399 575 496 609 currens
502 562 551 623 jam
562 576 647 609 oornue
657 562 741 619 fronte,

160 626 290 680 Quaeritur:
310 627 362 674 huie
372 627 473 688 geminae
484 642 549 673 neres
560 634 584 673 et
594 626 686 688 spiritus
697 630 744 676 oris
782 634 836 678 300

160 691 238 739 Multa
249 692 368 740 reluctanti
379 692 487 747 obruitur,
498 692 615 753 plagisque
626 702 730 754 peremto

95 805 100 814 ,
160 755 240 804 Tunse
250 774 290 820 per
300 759 414 820 integrum
424 757 544 804 solvuntur
555 757 642 804 viseern
651 760 744 820 pellem.

160 823 307 885 §repositum
319 824 343 869 in
352 824 428 871 denso
439 823 551 882 linquunt,
562 829 586 868 et
597 837 672 869 rumen
683 826 757 873 nostis

162 889 288 950 Subjieiunt
299 888 432 950 frngments,
444 889 557 948 thymum,
568 889 685 947 casiasque
696 899 811 940 roeentes.

104 961 111 966 ‘
162 952 217 1000 Hoc
228 954 323 1016 geritur,
334 953 444 1014 Zephyris
454 953 551 1015 primum
563 953 731 1015 impellentibus
743 959 824 1013 undas,

161 1018 225 1064 Ante
236 1019 302 1065 noris
313 1017 406 1064 rubernt
415 1029 482 1079 quam
493 1025 557 1079 prete
567 1019 687 1073 coloribus,
698 1030 755 1069 ente

161 1083 260 1130 Gerrule
270 1097 337 1144 quam
348 1082 417 1144 tignis
428 1084 506 1129 nidum
517 1084 639 1144 suspendet
650 1085 758 1135 hirundo.

161 1147 253 1195 Interes
263 1148 346 1194 teneris
358 1147 482 1210 tepefactus
492 1149 515 1194 in
527 1149 616 1195 ossibus
628 1150 710 1196 humor

161 1212 268 1267 AEstuet;
286 1220 310 1260 et
320 1213 413 1260 visendo
423 1213 496 1260 modis
507 1214 611 1260 animalis
621 1215 691 1269 miris,

161 1277 254 1326 Trunee
264 1279 346 1341 pedum
357 1279 436 1340 primo,
448 1293 503 1325 mox
513 1288 537 1325 et
547 1279 664 1326 stridentia
673 1282 759 1341 pennis
786 1288 836 1332 31⁰

161 1343 297 1400 Miscentur,
308 1353 445 1403 tenuemque
455 1344 528 1406 magis
539 1345 613 1407 magis
623 1345 676 1391 niro
684 1357 787 1410 enrpunt
793 1368 803 1408 5

162 1409 252 1464 Donec,
265 1416 290 1456 ut
301 1409 386 1455 aestivis
396 1407 482 1455 effusus
492 1410 588 1456 nubibus
598 1410 677 1469 imber,

161 1473 266 1537 Erupere
272 1492 280 1532 ;
290 1481 331 1522 sut
341 1481 373 1532 ut,
385 1490 456 1522 nervo
467 1476 571 1537 pulsante
580 1477 678 1538 sugittae,

162 1539 241 1587 Primo
249 1540 313 1586 leves
323 1541 403 1587 ineunt
413 1541 433 1587 si
443 1542 534 1601 quondo
544 1541 624 1603 proettr
634 1540 722 1589 Pertbi.

195 1605 254 1660 Quis
266 1603 333 1653 Deus
343 1605 407 1660 boue,
416 1604 502 1660 Musae,
510 1608 561 1667 quis
571 1607 634 1654 nobis
645 1606 736 1657 eutudit
744 1611 836 1658 artemi

164 1672 233 1720 Unde
245 1686 304 1719 uovn
314 1671 431 1735 ingressus
441 1673 557 1718 bominum
568 1673 707 1734 experientis
718 1677 800 1736 oepit?

162 1737 246 1785 Pastor
257 1736 376 1792 Aristaeus,
387 1736 480 1798 fugiens
491 1735 577 1783 Peneia
584 1735 679 1799 Tempe,

164 1804 269 1858 Amissis,
281 1810 307 1849 ut
313 1802 381 1857 inme,
392 1803 471 1864 apibus
482 1804 605 1862 morboque
615 1801 727 1867 firmeque,

164 1868 246 1917 Tristis
256 1870 285 1917 od
295 1869 391 1916 extremi
402 1882 491 1915 sacrum
503 1877 570 1928 ceput
581 1868 667 1914 adstitit
676 1870 760 1926 emitis,

164 1934 242 1981 Mults
251 1950 353 1996 querens,
365 1942 434 1995 etque
443 1934 485 1981 heo
496 1932 577 1981 effetus
588 1946 644 1979 voce
654 1944 772 1995 parentem
782 1955 789 1982 ε

164 1998 242 2048 Meter
254 1998 353 2059 Cyrene
364 2007 443 2053 meter,
454 2014 505 2059 quse
515 1998 615 2060 gurgitis
625 1998 692 2060 hujus
785 2007 832 2049 321

164 2061 216 2111 Irus
226 2071 300 2117 tenes,
308 2064 362 2124 qnid
373 2080 410 2110 me
419 2063 529 2126 praeclarir
538 2066 608 2126 stirpe
618 2063 713 2111 &orum

164 2127 352 2240 §simeonquem
357 2130 466 2190 perhibes,
471 2127 836 2195 peteresthynrbrreusApoilo)

180 2193 267 2239 nvisum
278 2193 330 2240 sutis
340 2192 459 2255 genuisti?
475 2202 515 2241 sut
524 2209 570 2255 quo
580 2195 620 2241 tibi
631 2197 704 2242 nostri

164 2258 248 2306 Pulsus
258 2258 337 2305 emori
354 2258 408 2319 quid
417 2273 456 2306 me
465 2259 550 2306 eoelum
560 2260 769 2323 sperarejubebes?

165 2323 205 2372 En
216 2323 283 2369 etiem
294 2325 354 2371 hunc
364 2324 439 2385 iprum
450 2326 504 2371 vitae
515 2325 617 2372 mortalis
627 2325 745 2383 harem,

166 2389 242 2443 Quem
253 2389 308 2434 mihi
318 2389 358 2437 vix
367 2389 460 2452 frugum
471 2398 495 2437 et
504 2391 615 2453 mireum
626 2393 730 2440 euandro
740 2394 824 2443 muers

74 2496 78 2505 ,
166 2454 250 2503 Omnia
260 2456 355 2502 tentanti
365 2455 490 2509 extuderrt,
502 2467 526 2503 te
536 2463 614 2511 mure,
625 2457 736 2518 relinquo.

167 2519 230 2573 Quin
242 2533 291 2580 ege,
302 2521 385 2583 etipse
394 2535 464 2569 msnu
473 2519 551 2569 ieliees
560 2536 615 2568 eree
625 2522 711 2579 silvan
784 2531 837 2576 829

167 2582 214 2630 Fer
224 2583 315 2630 stabulis
324 2586 441 2633 luminum
452 2585 536 2647 ’ζου,
544 2595 612 2647 etque
622 2586 726 2635 tntoetoe
734 2605 838 2651 mg

168 2647 218 2695 Ure
230 2654 284 2705 sete,
296 2650 424 2703 errulum
436 2649 526 2700 breues
536 2650 616 2701 metim
626 2653 765 2717 bipennem,
798 2692 803 2701 .
