1709 2925
128 130 162 175 34
320 123 508 174 GEORGICA.
526 123 577 170 Lm
590 122 610 170 1.

54 252 61 260 '
130 253 258 303 Deucalion
269 268 365 302 vacuum
376 253 463 314 lapides'
467 254 562 316 jactavit
573 254 595 299 in
608 254 703 313 orbem5

132 319 201 367 Unde
211 320 313 366 homines
324 320 378 373 uati,
390 318 470 365 durum
481 334 561 380 genus.
593 318 659 380 Ergo
671 337 722 382 age,
734 328 806 369 terrae

131 383 222 446 Pingue
234 384 306 430 solum
317 384 395 445 primis
406 384 521 444 memplo
532 384 670 432 aulensibus
681 388 736 432 anni

132 449 213 497 Fortes
224 449 338 496 invertant
348 449 412 503 tauri,
424 448 654 510 glebasquejeceutes

133 513 294 563 Puluerulenta
305 520 387 574 coquat
397 513 491 559 maturis
501 513 585 559 solibus
596 521 670 561 aestas.

134 579 177 635 At,
189 579 208 624 si
219 594 265 625 non
276 578 345 625 suerit
356 578 423 624 tellus
433 577 536 632 fecunda,
546 579 587 624 sub
598 580 671 640 ipsum

133 644 256 693 Arcturum
268 644 330 690 tenui
341 650 375 690 sat
385 645 428 690 erit
439 644 574 704 suspendere
584 644 663 701 sulc03

134 708 192 764 Illic,
204 709 376 756 officiantlaetis'
383 723 411 755 ne
421 707 523 769 frugibus
534 709 623 765 lierbae3

134 774 189 826 Hic,
199 774 298 821 sterilem
309 775 405 835 exiguus
415 788 445 819 ne
456 774 543 819 deserat
550 775 631 820 humor
641 788 741 821 arenam.
773 778 807 822 70

165 838 268 886 Alternis
278 839 337 885 idem
350 849 426 885 tonsus
437 853 524 884 cessare
535 838 635 895 novales,

134 903 168 954 Et
179 919 272 965 segnem
282 901 368 966 patidre
378 904 422 950 situ
434 903 552 949 durescere
562 918 673 965 campum.

135 970 185 1017 Aut
195 969 225 1014 ibi
236 967 294 1015 ilaue
305 983 372 1034 seres,
383 976 470 1015 mutato
481 969 559 1021 sidere,
570 968 636 1021 farra,

136 1034 205 1082 Unde
215 1034 276 1094 prius
286 1033 364 1079 laeturn
376 1031 456 1093 siliquis
466 1039 586 1093 quassante
595 1034 708 1094 legumen,

135 1100 186 1147 Aut
196 1099 271 1146 tenuis
278 1096 338 1144 setus
349 1099 421 1152 viciae,
433 1098 547 1158 tristisque
557 1098 627 1159 lupini

136 1162 259 1211 sustuleris
269 1161 361 1224 fragiles
371 1164 469 1209 calamos
480 1163 603 1223 silvamque
613 1167 740 1209 sonantem.

136 1229 191 1276 Urit
202 1228 261 1275 enim
272 1227 313 1274 lini
321 1243 423 1290 campum
434 1242 508 1288 seges,
519 1228 564 1273 urit
574 1242 668 1284 avenae;

137 1293 215 1341 Urunt
227 1291 322 1339 Lethaeo
333 1293 423 1354 perfusa
434 1307 543 1353 papavera
554 1307 641 1338 somno.

135 1359 182 1407 Sed
193 1367 267 1405 tamen
278 1357 369 1403 alternis
378 1357 451 1403 ducilis
461 1356 535 1402 luber:
555 1357 616 1403 arida
626 1362 713 1402 tantum

136 1423 176 1471 Ne
187 1429 286 1470 saturare
296 1420 353 1468 iimd
361 1421 439 1484 pingui
450 1422 532 1483 pudeat
543 1422 597 1477 sula,
606 1435 664 1468 neve
774 1427 808 1470 80

134 1488 224 1538 Effetos
234 1487 332 1533 cinerem
343 1486 483 1532 immundum
489 1488 576 1548 jactare
587 1503 626 1547 per
635 1501 712 1547 agnus.

138 1554 177 1601 Sic
185 1566 274 1615 quoque
284 1552 376 1598 mutatis
388 1550 529 1611 requiescunt
538 1550 621 1597 fetibus
631 1566 697 1597 arua:

134 1617 188 1666 Nee
199 1617 261 1665 nulla
269 1617 356 1662 interea
365 1622 401 1662 est
410 1616 503 1662 inaratae
514 1617 587 1677 gratia
598 1624 671 1661 terrae.

136 1684 205 1746 Saepe
214 1683 281 1729 etiam
293 1681 379 1727 steriles
390 1681 510 1727 incendere
520 1680 604 1742 profuit
614 1695 688 1741 agros,

135 1750 214 1810 Atque
224 1749 298 1794 levem
310 1746 413 1808 stipulam
424 1746 583 1807 crepitantibus
594 1761 658 1791 urere
669 1743 787 1803 flammis;

135 1815 190 1862 Sive
200 1814 252 1860 inde
263 1811 362 1858 occultus
372 1812 433 1858 vires
443 1818 467 1856 et
477 1811 557 1872 pabula
567 1816 634 1857 terrae

136 1878 235 1941 Pinguia
243 1877 387 1938 concipiunt3
404 1876 453 1922 sive
463 1876 507 1921 illis
518 1891 585 1922 omne
595 1876 722 1937 perignem

135 1943 279 2004 Exccquitur
288 1944 375 1997 vitium,
387 1948 455 2002 utque
465 1941 559 1987 exsudet
570 1940 655 1987 inutilis
665 1941 748 1986 humor
754 1957 762 1998 ;

52 2008 55 2015 Δ
137 2009 183 2057 Seu
195 2009 269 2069 plures
280 2008 341 2053 calor
350 2007 388 2052 ille
398 2007 447 2052 vius
457 2012 481 2052 et
492 2021 553 2052 caeca
563 2006 648 2052 relaxat

135 2074 284 2136 spiramenta,
295 2087 366 2118 novas
376 2072 454 2118 veniat
464 2069 508 2131 qui
516 2086 597 2117 succus
607 2072 631 2115 in
642 2069 739 2127 herbas;
773 2072 807 2117 90

134 2139 183 2186 Seu
194 2138 258 2185 durat
268 2137 347 2198 magis,
359 2145 383 2183 et
392 2151 462 2183 venas
473 2135 593 2198 adstringit
603 2136 704 2181 hiantes:

135 2203 176 2253 Ne
186 2210 265 2249 tenues
276 2202 366 2263 pluviae,
378 2201 477 2263 rapidive
487 2203 587 2262 potentia
598 2200 651 2246 solis

134 2268 225 2322 Acrior,
236 2275 276 2314 aut
286 2266 368 2313 Boreae
378 2266 515 2327 penetrabile
525 2264 598 2327 frigus
609 2266 695 2311 adurat.

100 2360 104 2367 ·
135 2332 237 2384 Multum
249 2333 311 2387 adeo,
323 2334 399 2377 rastris
410 2331 487 2393 glebas
497 2333 536 2391 qui
545 2331 631 2392 frangit
641 2331 733 2383 inertes,

136 2397 299 2458 Vimineasque
309 2396 377 2443 trabit
387 2404 467 2450 crates,
474 2398 541 2459 juvat
552 2411 622 2451 ari¹a3
639 2411 713 2456 neque
724 2396 788 2443 illum

136 2461 209 2511 Flava
218 2461 288 2510 Ceres
298 2462 344 2509 alto
355 2461 505 2522 nequidquam
517 2468 602 2524 spectat
613 2459 732 2521 Olymp03
773 2476 775 2479 ·

136 2526 171 2575 Et
182 2528 226 2589 qui,
237 2528 348 2591 proscisso
360 2541 411 2587 quae
423 2526 516 2573 suscitat
526 2541 617 2588 aequore
627 2533 700 2587 terga,

136 2592 227 2639 Rursus
238 2594 261 2639 in
272 2593 386 2653 obliquum
398 2607 464 2638 verso
474 2593 598 2653 perrumpit
608 2599 690 2645 aratro,

133 2656 278 2723 Exercetque
286 2658 392 2719 frequens
403 2656 514 2712 tellurem,
524 2665 592 2719 atque
604 2657 700 2719 imperat
711 2657 779 2709 arvis.
