1709 2925
267 172 433 233 minos
449 180 503 231 Lus.
512 175 547 232 X
687 184 744 245 '303

61 307 103 360 Te
114 310 214 376 fugiens,
226 309 363 376 fratremque
374 312 469 377 Tyren3
485 331 597 381 curruque
607 320 702 370 volutus
730 309 735 343 .·

65 377 146 427 Caedit
158 380 296 426 semianimis
307 380 446 427 Rutulorum
458 382 555 430 calcibus
566 401 628 434 arva.
733 384 735 389 ’

64 443 104 491 Ac
114 443 188 499 velut,
199 451 278 506 optato
288 447 362 492 ventis
374 453 454 493 aemate
464 449 555 503 coortis,

61 507 182 571 Dispersa
192 511 294 557 immittit
305 511 368 558 silvis
379 511 483 558 incendia
493 521 584 573 pastorg

64 572 188 635 correptis
200 575 274 622 subito
285 577 371 632 mediis,
383 577 512 623 extenditur
523 593 568 626 una

61 637 221 702 Horridaper
232 641 289 688 latos
301 642 359 688 acies
371 640 485 688 Vulcania
495 658 600 705 campos3

60 701 111 750 Ille
123 705 205 752 sedens
215 707 288 753 victor
299 707 402 754 flammas
413 707 529 768 despectat
540 717 648 758 ovantest

59 768 123 816 Non
135 770 200 817 aliter
212 772 296 817 socium
308 773 381 818 virtus
391 773 438 818 coit
449 773 522 819 omnis
533 774 556 819 in
568 790 645 830 unum,
690 781 740 827 410

58 828 147 895 Teque
153 836 226 896 juvat,
240 835 311 883 Pulla.
345 837 390 883 Sed
401 837 467 883 bellis
478 853 529 884 acer
541 838 641 887 Halesus

58 897 151 959 Tendit
162 901 186 945 in
197 902 309 955 adversos,
322 917 390 962 seque
401 903 425 947 in
437 918 477 949 sua
488 903 575 965 colligit
586 920 654 952 arma.
729 959 732 965 ,

57 963 116 1011 Hic
124 974 210 1012 mactat
222 965 322 1022 Ladona,
335 965 484 1027 Pheretaque,
494 966 715 1033 Demodocumque;
731 966 732 969 ¹

58 1030 198 1091 Strymonio
209 1032 311 1079 dextram
321 1032 418 1094 fulgenti
430 1032 510 1094 deripit
521 1049 577 1081 ense

35 1132 39 1137 .
55 1093 156 1157 Elatam
169 1097 192 1142 in
198 1098 321 1159 jugulum
339 1112 394 1144 saxo
404 1097 457 1144 ferit
468 1113 507 1145 ora
519 1098 639 1157 Thoantis,

55 1160 168 1222 Ossaque
179 1161 283 1225 dispersit
294 1163 386 1209 cerebro
396 1164 509 1223 permixta
520 1173 621 1212 cruento.

53 1225 120 1274 Fata
130 1240 217 1273 canens
228 1227 291 1274 silvis
303 1228 396 1290 genitor
406 1225 490 1274 celirat
501 1227 628 1279 Halesum:

55 1290 95 1339 Ut
108 1292 186 1338 senior
196 1291 242 1339 leto
253 1293 357 1339 canentia
367 1293 454 1339 lumina
464 1292 539 1348 solvit,

52 1354 166 1419 Injecere
176 1373 268 1404 manum
281 1357 367 1412 Parcae,
380 1357 475 1417 telisque
487 1357 604 1406 metarunt

50 1421 171 1471 Euandri.
200 1422 275 1478 Quem
288 1423 320 1471 sic
329 1422 404 1471 Pallas
415 1425 472 1486 petit
483 1433 536 1472 unte
547 1432 664 1488 precatus:
684 1430 735 1486 420

50 1487 99 1536 Da
110 1501 180 1542 nunc,
192 1487 278 1550 Tnybri
289 1496 359 1551 pater,
370 1488 438 1545 ferro,
449 1491 510 1550 quod
521 1492 606 1538 missile
616 1492 680 1550 libro,

49 1553 187 1601 Fortunam
199 1561 266 1616 atque
276 1555 337 1601 viam
348 1554 396 1600 duri
407 1570 448 1617 per
458 1562 537 1617 pectus
550 1556 639 1605 Halesi.

50 1618 121 1666 Haec
132 1634 195 1666 arma
206 1620 344 1680 exuviasque
354 1621 395 1666 viri
407 1628 447 1666 tua
458 1636 553 1681 quercus
564 1623 661 1668 habebit.

50 1684 140 1734 Audiit
151 1684 190 1730 illa
202 1683 281 1732 Deus:
302 1686 355 1732 dum
367 1685 425 1731 texit
437 1684 532 1732 Imaona
543 1686 651 1742 Halesus,

47 1749 159 1798 Arcadio
169 1749 249 1797 infelix
260 1751 306 1798 telo
317 1751 355 1796 dat
365 1757 445 1813 pectus
456 1752 576 1798 inermum.

47 1816 88 1863 At
100 1830 148 1861 non
161 1815 224 1861 caede
233 1816 275 1861 riri
287 1813 350 1862 tanti
359 1817 478 1877 perterrita
489 1814 585 1869 Lausus,

48 1880 114 1929 Pars
125 1880 208 1941 ingens
219 1880 278 1934 belli,
290 1882 344 1928 sinit
355 1881 461 1944 agmina:
480 1881 566 1942 primus
578 1879 692 1927 Abantem
725 1937 727 1942 X

47 1945 194 2008 Oppositum
205 1945 320 1999 interimit,
331 1960 416 2009 pugnae
427 1945 557 2006 nodumque
568 1960 708 2007 moramque.

48 2012 172 2059 Sternitur
183 2010 288 2058 Arcadiae
298 2011 373 2073 proles
379 2028 387 2068 3
406 2017 537 2058 sternuntur
548 2011 641 2058 Etrusci
647 2028 656 2069 ;
722 2029 725 2038 ¹

47 2075 87 2125 Et
98 2091 152 2133 vos,
164 2091 179 2122 o
191 2076 267 2124 Graiis
278 2078 396 2139 imperdita
406 2092 508 2139 corpora,
519 2075 611 2124 Teucri.
679 2081 730 2125 480

46 2142 160 2205 Agmina
170 2149 309 2188 concurrunt
315 2143 457 2204 ducibusque
467 2148 491 2188 et
501 2142 585 2189 viribus
596 2143 675 2204 aequis.

47 2203 161 2255 Extremi
173 2206 297 2255 addensent
307 2208 380 2264 acies;
399 2223 441 2254 nec
453 2207 517 2254 turba
527 2210 614 2255 moveri

46 2271 113 2320 Tela
123 2273 250 2334 manusque
261 2273 321 2319 sinit.
354 2272 418 2319 Hinc
431 2273 505 2320 Pallas
516 2273 586 2321 instat
597 2280 621 2321 et
631 2282 706 2337 urget,

48 2337 119 2385 Hinc
131 2345 211 2384 contra
222 2336 318 2392 Lausus,
331 2339 386 2401 (neo
397 2340 494 2386 multum
506 2338 617 2402 discrepat
628 2337 695 2400 aetas)

47 2402 152 2467 Egregii
162 2402 258 2459 formre3
277 2404 316 2450 sed
327 2405 391 2463 queis
403 2403 505 2451 Fortuna
515 2404 611 2467 regirat

47 2467 80 2516 In
92 2469 190 2531 patriam
202 2468 294 2516 reditus.
328 2467 394 2531 Ipsos
405 2485 539 2516 concurrere
549 2484 629 2530 passus

48 2534 125 2581 Haud
137 2540 214 2580 tamen
226 2534 285 2581 inter
297 2550 321 2580 se
332 2536 410 2595 magni
422 2541 530 2594 regnator
541 2533 651 2595 Olympi3

48 2600 113 2649 Mox
124 2598 177 2645 illos
188 2614 229 2646 sua
239 2598 286 2646 fata
296 2607 390 2646 manent
401 2601 486 2662 majore
497 2599 538 2644 sub
549 2599 622 2644 hoste.

82 2663 178 2712 Interea
189 2679 253 2711 soror
264 2664 323 2711 alma
333 2673 412 2711 monet
422 2678 554 2711 succurrere
561 2662 639 2709 Lauso
677 2664 727 2710 439

46 2729 165 2787 Turnum,
177 2730 219 2791 qui
229 2730 315 2779 volucri
325 2744 392 2779 curru
403 2730 502 2840 medipm
514 2734 576 2840 saecat
585 2741 677 2791 agmen,
714 2753 717 2760 ·

488 2808 505 2841 n
