1709 2925
263 121 431 175 AENEIDOS
443 121 497 173 Lu.
508 121 556 173 xl.
692 128 742 174 885

66 256 133 307 Tros
141 253 250 310 Italosve.
262 254 317 302 mibi
327 254 411 316 pariter
421 253 461 301 det
471 253 582 317 sunguine
591 266 679 315 poeuas.

67 324 131 372 Post
141 337 186 384 ego
198 321 257 369 nube
267 317 324 368 cavi
334 318 469 367 miserandae
479 333 561 382 corpus
571 327 596 367 et
606 334 670 367 arms

67 387 198 449 Inspoliata
207 385 278 433 ieram
289 385 385 442 tumulo,
396 385 521 446 patriaeque
531 399 648 447 reponam.

69 453 159 505 Dixit:
179 458 203 498 at
213 451 251 499 illa
261 451 324 499 leves
335 449 387 499 coeli
398 449 488 511 delapsa
498 465 539 512 per
549 465 614 498 auras

68 517 187 572 Intonuit,
199 517 266 579 nigro
276 515 414 565 circumdato
424 516 513 562 turbine
524 531 614 578 corpus.

105 583 141 633 As
151 597 231 631 manus
243 581 329 629 interes
339 581 410 627 muris
421 578 521 642 Trojano
531 581 672 642 propinquat,

69 647 212 708 Etruscique
222 645 298 700 duces,
308 646 455 706 equitumque
465 647 577 693 exercitus
587 647 676 703 omnis;

68 712 201 774 compositi
212 725 307 758 numero
317 711 341 757 in
352 718 446 758 turmas.
478 708 565 757 Fremit
575 725 665 771 aequore
676 718 725 758 tota

67 778 189 826 Insultans
200 776 296 840 sonipes,
308 783 332 824 et
341 776 425 838 pressis
435 781 523 837 pugnat
534 775 625 823 habenis
693 779 745 823 600

66 843 129 893 Huc
141 842 248 891 obversus
259 849 283 891 et
293 842 338 888 huc
349 857 357 898 ς
373 848 422 889 tum
433 839 479 889 late
489 839 575 888 ferreus
586 840 657 888 hastis

69 907 164 959 Horret
174 922 235 969 ager,
246 906 364 969 campique
373 907 443 954 armis
453 905 585 953 sublimibus
594 906 680 953 ardent.

67 974 173 1022 Necnon
184 971 306 1034 Messapus
317 978 403 1025 contra,
414 971 542 1034 celeresque
553 969 636 1027 Latini,

68 1038 106 1088 Et
117 1052 170 1084 cum
181 1037 250 1087 fretra
261 1034 342 1092 Ceras,
353 1044 376 1084 et
386 1037 483 1098 virginis
494 1037 529 1092 ala
541 1033 654 1094 Camillae,

67 1103 172 1155 Adverti
183 1118 263 1164 campo
273 1109 387 1165 apparent,
398 1103 518 1162 hastasque
529 1101 628 1149 reductis

68 1168 219 1219 Protendunt
228 1168 298 1230 longe
309 1167 401 1221 dextris,
413 1174 437 1214 st
448 1167 533 1228 spicula
543 1167 647 1223 vibrant3

67 1234 238 1294 Adventusque
249 1231 322 1280 virssm
332 1231 480 1292 fremitusque
491 1232 586 1278 ardescit
597 1246 713 1293 equorum.

65 1299 171 1359 Jamque
180 1299 240 1348 intra
244 1299 333 1362 jactum
344 1297 383 1345 teli
394 1311 528 1359 progressus
540 1304 635 1358 uterque

67 1364 223 1421 Souastene
240 1363 314 1413 subito
325 1369 447 1423 erumpunt
457 1363 562 1416 clamore,
572 1361 742 1422 frementesque

65 1431 231 1480 Exhortantur
241 1441 327 1490 equosr
344 1426 443 1478 fundunt
453 1427 521 1476 simul
531 1428 630 1490 undique
638 1426 684 1476 tela
694 1431 744 1475 610

67 1496 161 1546 Crebra
170 1495 230 1543 nivis
239 1495 293 1551 ritu,
305 1494 434 1555 coelumque
445 1494 558 1542 obtexitur
569 1491 654 1542 umbri.

67 1560 191 1612 Continuo
200 1559 301 1608 adversis
311 1557 446 1621 Tyrrhenus
456 1567 479 1607 et
489 1574 542 1607 acer
553 1558 672 1608 Aconteus

66 1625 174 1676 connixi
184 1626 303 1673 incurrunt
312 1624 389 1680 bustis,
400 1626 511 1687 primique
521 1626 609 1672 ruinam
636 1627 640 1636 '

66 1691 140 1739 Dant
150 1690 226 1738 sonitu
236 1689 331 1753 ingenti,
342 1689 498 1752 perfractaque
509 1686 717 1751 quadrupedantum

65 1755 172 1806 Pectora
181 1756 309 1818 pectoribus
319 1762 435 1817 rumpunt.
467 1754 587 1802 Excussus
598 1754 724 1807 Aconteus,

67 1821 188 1871 Fulminis
199 1821 223 1868 in
233 1835 327 1876 rnorem,
338 1828 378 1869 aut
389 1826 503 1868 tormento
514 1818 620 1881 ponderis
631 1818 684 1872 acti,

67 1886 207 1948 Praecipitat
216 1885 291 1950 longe.
303 1893 327 1935 et
339 1887 408 1934 vitam
419 1885 529 1948 dispergit
539 1884 563 1930 in
573 1898 646 1931 auras.

65 1951 198 2013 Extemplo
208 1952 303 2000 turbatae
314 1951 380 2005 acles,
391 1951 497 2011 versique
507 1949 585 1998 Latini

65 2017 190 2081 Rejiciunt
200 2032 295 2079 parmas,
307 2025 330 2065 ot
340 2032 412 2077 equos
422 2017 451 2064 ad
461 2015 547 2062 moenia
555 2021 654 2063 vertunt.

65 2082 147 2131 Troes
158 2089 243 2145 agunt5
260 2082 364 2144 princeps
375 2088 461 2130 turmas
470 2079 557 2128 inducit
568 2079 659 2141 Asylas.
692 2083 748 2127 620.

65 2147 171 2209 Jamque
180 2148 359 2210 propinquabant
369 2148 447 2209 portis,
457 2160 579 2208 rursusque
590 2144 667 2193 Latini

67 2212 205 2264 Clamorem
216 2212 306 2268 tollunt,
318 2221 342 2261 st
352 2212 429 2260 mollia
440 2211 499 2260 colla
509 2210 644 2260 reflectunt:

66 2277 108 2327 Hi
118 2276 217 2340 fugiunt,
228 2277 362 2340 penitusque
373 2278 431 2326 detis
442 2276 570 2325 retentatur
580 2277 687 2325 habenis:

67 2342 155 2397 Qualis
165 2343 203 2390 ubi
213 2343 301 2391 alterno
310 2358 446 2406 procurrens
456 2343 549 2406 gurgite
558 2350 643 2405 pontus

66 2408 143 2460 Nunc
154 2409 199 2455 ruit
209 2409 238 2456 ad
250 2415 328 2465 terras
340 2408 489 2471 scopulosque
500 2408 619 2470 superjacit
629 2406 712 2455 undam

67 2474 193 2536 Spumeus,
204 2481 374 2536 extremamque
385 2475 436 2521 sinu
446 2472 561 2536 pertundit
571 2486 676 2519 menam:

66 2539 143 2587 Nunc
154 2539 244 2599 rapidus
255 2547 323 2594 retro,
334 2546 401 2600 atque
412 2548 471 2586 aestu
482 2537 585 2585 revoluta
595 2536 712 2583 resorbens

68 2604 140 2656 Saxa,
150 2602 217 2666 fugit,
229 2604 328 2665 litusque
338 2604 397 2652 rado
409 2604 498 2649 labente
509 2601 623 2661 relinquit.

68 2669 114 2717 Bis
126 2666 198 2715 Tusci
209 2667 309 2735 Rutulos
320 2665 389 2730 egere
400 2667 428 2716 ad
439 2666 524 2714 rnoeuia
534 2680 627 2726 resson
