1709 2925
130 146 179 195 150
316 139 480 192 AENEIDOS
496 141 550 193 Lu
562 141 613 193 ΙΙΙ.

130 273 271 354 Supplioibus
281 287 361 336 mpero
371 273 451 327 donis.
471 273 504 320 sic
514 273 611 335 denique
620 275 699 324 victor

130 336 248 387 Trinacria
257 336 314 385 fines
325 336 396 385 Italos
407 335 498 386 mittere
509 338 593 387 relicti·
763 341 820 389 4⁴0
853 360 854 364 ¹

130 403 187 459 Huc
199 405 235 451 ubi
246 403 332 451 delatus
344 400 462 452 Cumaeam
473 392 594 451 accesseris
604 405 694 460 urbem,
853 422 854 441 2

130 468 276 529 Divinosque
286 468 356 522 lacus,
367 475 390 516 et
402 469 495 516 Averna
506 470 608 517 sonantia
619 471 692 525 silvis,

123 531 240 581 ‘Insanum
250 541 325 580 vatem
336 533 459 595 adspicies3
476 548 528 595 quae
538 549 594 597 rupe
605 535 647 581 sub
657 533 709 583 imai⁴

131 597 190 646 Fata
200 598 267 654 canit,
277 598 381 659 foliisque
392 605 457 646 notas
467 606 491 645 et
501 600 593 646 uomina
603 600 707 649 mandat.

132 662 306 724 Quamcumque
300 677 324 709 rn
334 662 394 711 loliis
404 663 522 725 descripsit
532 665 631 711 carmina
641 665 720 726 virgo,

130 727 243 791 Digerit
237 745 260 776 rn
271 743 396 781 numerum,
408 734 477 789 atque
486 736 552 776 antro
563 729 650 776 seclusa
661 728 785 795 relinquit.

130 791 175 841 Illa
186 801 278 841 manent
288 795 381 841 immota
390 793 455 847 locis,
467 808 540 854 neque
550 794 577 840 ab
588 794 666 840 ordine
676 788 776 840 cedunt.

131 857 220 907 Verum
231 859 316 914 eadem,
328 873 394 906 verso
405 858 480 905 tenuis
490 873 542 905 curn
553 859 642 905 cardine
653 865 742 906 ventus

130 921 234 988 Impulit,
247 932 270 971 et
280 933 368 970 teneras
379 924 492 969 turbarit'
482 938 553 985 panus
563 923 661 978 frondes,

130 987 257 1051 Nunquam
268 988 348 1035 deiude
359 1002 418 1035 osvo
425 988 543 1035 volitantia
553 988 662 1064 preqdere
673 1003 740 1044 saxo,
757 988 808 1035 ⁴50

130 1053 183 1102 Nec
194 1068 299 1101 revocare
310 1053 373 1107 situs,
384 1062 424 1099 aut
429 1054 540 1131 jungere
539 1054 637 1100 carmina
647 1060 723 1101 curat.

131 1117 259 1166 Inconsulti
270 1119 359 1173 abeunt,
368 1117 489 1180 aedemque
499 1115 566 1165 odere
579 1118 679 1179 Sibyllae.

130 1183 182 1231 Hic
192 1184 232 1230 tibi
242 1197 272 1230 ne
282 1198 325 1243 qua
336 1197 407 1229 morae
417 1181 502 1230 tuerint
512 1184 628 1245 dispendia
638 1183 706 1237 tanti.

133 1248 259 1312 (Quamvis
269 1249 401 1310 increpitent
412 1248 474 1302 socii,
485 1255 508 1295 et
519 1249 542 1294 vi
553 1263 632 1296 cursus
642 1249 666 1293 in
677 1248 751 1296 altum

131 1312 192 1360 Vela
203 1321 276 1367 vocet,
286 1314 403 1375 possisque
414 1313 477 1360 sinus
487 1312 580 1375 implere
590 1311 714 1374 secundos)

132 1378 197 1434 Quin
208 1378 273 1424 adeas
284 1384 366 1431 vatem,
378 1378 524 1439 precibusque
531 1379 621 1425 oracula
631 1393 713 1440 poscas

131 1441 187 1506 Ipsa
198 1449 269 1497 canat,
281 1457 405 1504 vocemque
415 1443 495 1491 rolens
506 1449 573 1505 atque
583 1459 623 1492 ora
634 1444 740 1492 resolvat.

132 1507 177 1556 Illa
187 1507 226 1554 tibi
238 1505 311 1554 Italiae
322 1508 423 1569 populos,
436 1515 575 1569 venturaque
584 1509 649 1564 betta,

130 1572 172 1628 Et
184 1588 229 1633 quo
239 1587 350 1633 quemque
360 1572 428 1622 modo
438 1571 558 1635 fugiasque
567 1573 671 1635 ferasque
681 1575 787 1630 laborem

130 1637 261 1700 Expediet3
279 1653 401 1699 cursusque
412 1638 473 1684 dabit
484 1647 590 1685 venerata
600 1639 798 1688 secundostao

131 1702 194 1752 Haec
205 1710 264 1757 sunt,
276 1718 327 1764 quae
338 1700 416 1749 nostrd
425 1702 492 1749 liceat
502 1709 526 1749 te
537 1719 594 1751 voce
604 1704 699 1752 moneri.

105 1825 107 1830 ⁴
132 1768 198 1817 Vade
209 1784 258 1831 age,
270 1775 294 1814 et
304 1765 420 1830 id'gcntem
432 1765 498 1815 factis
507 1767 542 1816 fer
552 1769 581 1815 ad
591 1770 676 1816 aethem
686 1768 787 1831 Trojam.

165 1834 226 1890 Quae
236 1842 354 1895 postquam
365 1839 429 1882 vates
441 1833 473 1878 sic
483 1848 523 1879 ore
533 1832 613 1880 effatus
624 1833 697 1880 amico
707 1841 747 1890 est,

130 1898 202 1947 Dona
212 1899 293 1946 dehinc
303 1914 359 1946 auro
387 1899 449 1946 raria
459 1905 565 1959 sectoque
575 1899 703 1975 elephantop

130 1962 232 2027 Imperat
243 1964 271 2010 sd
282 1979 352 2011 naves
372 1963 422 2018 erni,
435 1963 546 2024 stipatque
556 1963 638 2011 carinis

131 2027 219 2090 Ingens
229 2036 355 2091 argentum,
367 2026 545 2088 Dodonaeosque
554 2028 646 2086 lebetas,

131 2091 237 2139 Loricam
248 2100 374 2141 consertam
385 2093 458 2140 hamis
467 2107 566 2168 auroque
576 2093 680 2147 trilicem,

130 2157 165 2208 Et
175 2172 256 2204 conum
268 2158 363 2219 insignis
373 2157 453 2219 galeae,
464 2157 588 2218 cristasque
598 2164 718 2213 comantes,

130 2222 202 2269 Arma
214 2219 366 2282 Neoptolemi.
400 2222 460 2269 Sunt
470 2229 494 2269 et
505 2223 615 2274 suadona
624 2225 718 2284 parenti·

129 2286 201 2334 Addit
211 2300 288 2346 equos.
299 2286 404 2346 additque
413 2286 497 2345 duces;
744 2291 792 2338 470

129 2351 262 2414 Remigium
274 2350 378 2412 supplet;
396 2352 470 2400 socios
481 2350 548 2398 simul
557 2352 650 2400 instruit
659 2352 732 2401 armis.

162 2415 253 2463 Interea
262 2416 357 2463 clastem
368 2415 424 2466 velis
435 2423 511 2479 aptare
516 2417 610 2479 jubebat

129 2482 248 2535 Anchises,
259 2479 323 2529 fieret
333 2487 402 2528 vento
413 2496 477 2528 mora
488 2497 517 2529 ne
526 2496 570 2543 qua
580 2480 669 2528 serenti.

129 2546 205 2601 Quaem
216 2545 298 2594 Phoebi
309 2547 419 2608 interpres
429 2546 501 2593 multo
512 2546 631 2608 compellat
641 2546 737 2597 honoret

129 2608 250 2726 conjugo,
261 2612 368 2667 Anchisa,
377 2611 475 2659 Veneris
485 2611 578 2673 dignate
588 2612 690 2672 superbo,

128 2673 191 2725 Cura
228 2676 286 2734 edm,
298 2676 332 2725 bis
343 2675 477 2740 Pergameis
487 2683 562 2740 erepte
573 2676 654 2733 ruinis,
