1709 2925
109 161 142 205 tio
277 145 463 199 BUCOLICA.
479 144 540 195 Ecn.
554 143 615 193 vn.

272 381 278 396 ¹
334 377 476 428 ECLOGA
492 374 552 424 VII.

380 504 506 551 Meliboeus.

231 643 365 680 MELIBOEUS·
399 646 520 695 conrnort.
552 644 661 677 THYRSIS·

379 771 515 804 MEHBOEUS·

117 841 199 888 Fonrn
211 842 252 888 sub
262 837 343 901 arguti
353 839 486 885 consederat
496 839 547 885 ilice
558 837 672 900 Daphnis,

118 907 322 968 compulerantque
328 919 411 966 greges
416 901 525 963 Corydon
533 912 556 950 et
562 902 658 964 Thyrsis
667 905 690 950 in
699 919 786 964 unum3

116 971 212 1031 Thyrsis
224 986 286 1025 oves,
299 968 408 1029 Corydon
420 968 527 1015 dotentas
537 969 597 1015 lecte
607 969 704 1030 capellas
711 986 720 1027 ;

118 1037 193 1084 Ambo
205 1035 312 1082 florentes
323 1035 435 1090 aetntibus,
446 1032 548 1080 Arcades
558 1035 630 1089 ambo,

117 1101 151 1149 Et
161 1109 251 1147 cantore
260 1115 331 1161 pares,
344 1107 367 1146 et
378 1099 512 1160 respondere
523 1099 600 1159 parati

119 1165 174 1212 Huc
186 1166 246 1219 rnihi,
259 1166 312 1211 dum
323 1174 412 1211 teneras
423 1163 519 1210 defendo
530 1162 638 1225 nfrigore
648 1172 745 1228 myrtos,

120 1230 163 1276 Vir
179 1231 257 1292 gregis
274 1230 322 1292 ipse
338 1245 404 1292 caper
421 1229 577 1285 deerraverutr
595 1236 662 1290 atque
677 1246 722 1291 ego
735 1229 789 1277 Dn-

230 1296 285 1340 hnin

118 1311 230 1421 Auspicii
236 1377 243 1416 ;
260 1359 298 1405 ille
310 1359 346 1404 ubi
357 1373 395 1404 me
405 1364 485 1404 contra
495 1358 565 1415 ridet,
577 1357 662 1419 Ocyus,
674 1359 754 1421 inquit,

119 1424 175 1475 Huc
186 1424 245 1478 ades,
257 1438 271 1470 ο
283 1422 394 1469 Meliboee
400 1438 408 1480 3
425 1436 492 1485 caper
503 1423 542 1469 tibi
553 1422 635 1480 salvus,
646 1431 670 1472 et
680 1425 754 1483 neth

119 1491 160 1545 Et,
172 1491 191 1535 si
202 1489 255 1550 quid
266 1503 353 1534 cessare
363 1488 437 1550 potes,
449 1489 563 1548 requiesce
574 1490 616 1534 sub
627 1489 712 1538 umbri.
758 1495 790 1538 lo

120 1555 176 1602 Huc
186 1555 228 1615 ipsi
238 1560 317 1615 potum
328 1552 420 1599 venient
432 1568 471 1614 per
481 1554 657 1614 pratnjuvenci3

120 1619 169 1665 Hic
179 1619 262 1666 virides
272 1615 351 1664 tenerit
361 1618 466 1678 praetexit
476 1618 586 1664 arundine
596 1619 656 1680 ripas

120 1685 229 1741 Mincius,
240 1698 297 1744 eque
308 1679 372 1729 sacrb
383 1689 489 1729 resonant
500 1684 604 1729 examine
614 1699 706 1743 quercu.

122 1749 184 1804 Quid
200 1746 315 1796 facerem?
332 1762 406 1808 neque
421 1763 467 1810 ego
479 1747 601 1810 'Alcippen
616 1764 659 1796 nec
675 1748 790 1810 Rbyllide,

218 1815 332 1867 habebam,

121 1877 237 1942 Depnlsos
248 1880 330 1926 sinete
341 1877 402 1924 dorni
413 1892 464 1941 quae
475 1877 587 1925 clauderet
598 1893 686 1939 agnos3

122 1942 156 1991 Et
167 1951 280 1990 certarnen
292 1950 346 2001 erat,
359 1941 468 2003 Corydon
480 1958 531 1989 curn
543 1941 664 2003 Thyrside,
672 1959 792 2006 magnum.

112 2008 246 2056 ·Posthabui
258 2016 334 2055 tamen
345 2007 434 2053 illorum
446 2023 497 2053 rnen
507 2008 565 2054 seria
575 2008 637 2054 ludo.

81 2095 84 2099 ·
122 2072 225 2121 Alternis
236 2073 304 2135 igitur
315 2072 451 2119 contendere
461 2073 562 2118 versibus
573 2074 640 2119 ambo

124 2134 233 2198 Coepere:
252 2137 351 2184 alternos
363 2135 440 2183 Musae
450 2137 579 2183 meminisse
590 2138 702 2187 volebant.

125 2200 179 2250 Hos
191 2199 308 2262 Corydon,
319 2201 374 2261 iilos¹
382 2200 491 2248 referebat
501 2202 525 2247 in
536 2203 615 2249 ordine
623 2201 728 2263 Thyrsis.
759 2209 794 2253 20

397 2346 518 2380 CORYDON-

123 2412 246 2476 Nymphae,
264 2419 341 2461 noster
357 2427 426 2469 arnor,
444 2412 593 2471 Libethrides,
610 2421 649 2462 sut
671 2416 725 2464 mihi
742 2385 804 2466 cer·-

126 2541 201 2596 Quale
211 2493 358 2596 rirnebnilodro,
370 2500 502 2599 ¹concedite3
518 2544 621 2603 proxima
632 2544 713 2591 Phoebi

126 2605 236 2653 Versibus
247 2607 284 2653 ille
294 2606 364 2662 fscit;
381 2611 426 2660 aut,
438 2606 458 2651 si
469 2622 515 2653 non
525 2623 646 2668 possumus
656 2625 743 2667 omnes,

126 2668 175 2719 Hic
185 2678 267 2733 argute
277 2667 340 2737 socri
350 2670 455 2733 pendebit
464 2670 539 2718 fistulo
549 2673 610 2733 pinu.
