1709 2925
141 119 189 166 172
315 114 495 166 ‚muamus
511 115 622 169 ars-w,

51 262 55 267 ·
140 244 285 309 Intenditque
294 246 370 294 locum
381 248 454 302 sertis,
465 254 490 295 et
499 246 580 295 fronde
589 254 685 295 coronet

141 310 260 369 Funered3
277 327 350 373 super,
361 313 462 367 exuvies,
472 328 595 374 ensemque
604 314 716 370 relicuum,

140 376 293 438 Effigiemque
303 384 353 423 toro
364 377 431 433 locat,
442 378 502 425 houd
512 378 591 439 ignora
601 377 679 425 futuri.

141 441 208 489 Stsnt
218 457 263 488 nrae
273 442 365 496 circum,
376 449 400 489 et
410 444 485 490 crines
494 441 565 490 effirsa
575 444 681 490 sacerdos
756 443 815 489 509

140 505 290 554 Tercentum
300 513 365 554 tonat
375 523 414 554 ore
424 506 498 563 Deos,
509 507 662 569 Erebumque,
674 506 807 566 Chaosque,

142 570 348 633 Tergeminomque
359 571 472 627 Hecaten,
484 574 527 619 trio
537 573 633 635 virginis
643 588 684 620 ors
694 571 783 619 Diana·

142 637 259 698 Sparserat
268 644 293 684 et
301 637 379 684 latices
390 637 507 685 simulatos
516 637 586 685 fontis
596 637 701 694 Averni;

141 700 247 749 Falcibus
257 710 281 749 et
290 717 372 750 messae
382 703 410 749 nd
420 703 497 749 lunam
508 709 640 763 quaeruntur
650 703 714 749 ainis

142 765 256 815 Pubentes
266 768 348 821 herboe,
359 767 418 830 nigri
429 783 481 814 cum
491 767 550 814 lacte
560 768 657 823 veneni;

144 832 260 887 Quaeritur
272 839 295 879 et
306 832 419 879 nascentis
428 832 480 893 equi
491 833 519 879 de
527 830 604 878 fronte
615 831 726 886 multus,

143 897 177 945 Et
187 898 253 945 matri
262 905 393 959 praereptus,
405 912 476 944 amor.

142 961 203 1024 Ipsa,
214 961 274 1009 moli
282 962 429 1023 manibusque
438 962 488 1024 piis,
498 962 576 1009 altaria
581 964 656 1026 jrrxta,

143 1027 223 1074 Unum
234 1033 302 1073 exuta
312 1027 391 1088 pedem
402 1027 492 1084 vinclis,
503 1028 528 1074 in
538 1034 602 1074 veste
613 1022 719 1082 recincti,

142 1090 368 1139 Testeturmoritura
378 1091 626 1149 deos,etconsclaseti
760 1091 807 1138 ⁵19

142 1155 236 1214 Sidera3
253 1163 309 1211 tum.
321 1158 340 1203 si
351 1157 411 1218 quod
421 1171 468 1204 non
479 1172 546 1217 aequo
555 1156 642 1204 foedere
652 1162 755 1204 amentes

143 1219 212 1270 Curae
224 1236 307 1269 numen
319 1222 385 1269 habet
391 1222 524 1285 justumque
534 1236 672 1282 memorque,
683 1226 790 1284 precatur.

176 1286 232 1334 Nox
242 1294 297 1343 erat,
308 1295 331 1334 et
342 1287 451 1349 placidam
461 1288 581 1349 serpebant
589 1286 651 1334 fesso
661 1301 765 1348 soporem

144 1349 247 1414 Corpore
256 1368 297 1414 per
307 1359 384 1407 terras,
397 1352 508 1412 silvaeque
517 1360 542 1398 et
552 1367 614 1399 saevs
624 1349 730 1412 quierant

143 1416 246 1479 AEquorn
252 1433 260 1475 3
278 1432 330 1462 curn
341 1417 415 1465 medio
425 1418 549 1466 volvuntur
559 1417 632 1464 sidera
642 1416 716 1479 lapsu,

144 1481 205 1532 Cum
216 1489 276 1529 tacet
286 1482 360 1529 omnis
369 1497 431 1544 ager,
443 1484 546 1544 pecudes,
557 1484 669 1544 pictaeque
679 1482 791 1539 volucres,

143 1547 249 1607 Quaeque
259 1547 321 1594 lacus
331 1547 376 1594 late
386 1547 489 1607 liquidos,
500 1562 594 1609 quaeque
604 1562 684 1609 aspere
694 1547 770 1595 dumis

143 1612 209 1661 Rura
218 1618 303 1667 tenent,
315 1626 394 1659 somno
405 1613 486 1674 positae
497 1615 538 1660 sub
548 1619 615 1660 nocte
625 1612 702 1659 silenti

141 1675 269 1742 [lenibant
279 1692 350 1731 curas,
362 1684 386 1724 et
396 1677 466 1724 corda
475 1677 544 1724 oblita
553 1676 675 1741 laborum}

71 1754 78 1761 '
143 1743 179 1792 At
189 1758 235 1791 non
244 1742 323 1790 infelix
334 1742 403 1788 animi
414 1740 549 1803 Phrenissn3
565 1757 638 1803 neque
648 1756 751 1803 mrqnarn

144 1809 246 1858 Solvitur
256 1810 386 1864 insomnes,
395 1806 495 1855 oculisve
505 1815 545 1855 sut
555 1814 646 1870 pectore
656 1815 750 1854 noctem
766 1809 810 1855 530

143 1874 248 1936 Accipit:
267 1874 495 1938 ingeminantem
512 1887 633 1934 musasque
644 1887 768 1935 resurgens

146 1940 219 1987 Saevit
229 1955 299 1994 amor,
310 1953 440 2001 magnoque
449 1939 533 1985 irarum
543 1937 638 1985 fluctuat
649 1944 716 1984 aestu.

144 2003 183 2050 Sic
194 2004 250 2051 adeo
260 2005 349 2059 insistit,
361 2018 482 2064 secumque
491 2004 523 2050 ita
533 2003 601 2051 corde
610 2004 715 2050 volutat:

143 2067 192 2124 En,
204 2069 258 2128 quid
267 2069 330 2131 agol
346 2084 453 2117 rursusne
463 2083 545 2130 procos
555 2068 619 2115 irriso
627 2069 717 2130 priores

145 2132 273 2192 Experiar?
299 2133 474 2194 Nomadumque
484 2140 559 2195 petam
570 2133 681 2181 connubia
690 2133 793 2196 supplex,

145 2196 212 2251 Quos
222 2211 268 2258 ego
279 2198 321 2244 sim
333 2199 400 2245 toties
406 2200 456 2261 jam
467 2198 587 2260 dedignata
597 2197 710 2244 maritos?

144 2260 226 2308 Iliacas
237 2261 307 2324 igitur
317 2263 406 2318 classes,
418 2271 486 2324 atque
497 2264 576 2310 ultima
585 2262 703 2310 Teucrum

144 2325 221 2381 Jusss,
233 2325 329 2386 sequor?
346 2327 428 2388 qniane
438 2329 522 2375 anxilio
529 2328 596 2389 juvat
606 2335 660 2375 ante
669 2327 766 2380 temtos,

144 2392 262 2439 Aut-bene
272 2391 331 2452 apud
341 2406 454 2439 memores
464 2394 547 2441 veteris
557 2399 602 2440 stat
612 2392 687 2454 gratis
696 2391 770 2442 facti?

145 2456 205 2511 Quis
215 2470 252 2506 me
262 2462 344 2511 autem,
355 2455 392 2503 iac
403 2457 471 2514 velle,
482 2457 557 2505 sinet?
575 2459 688 2504 ratibusve
700 2456 797 2519 superbis

144 2519 246 2567 Invisum
256 2519 368 2582 accipiet?
384 2522 466 2578 nescis,
478 2522 534 2569 heu!
551 2522 643 2584 perdita,
655 2522 753 2569 necdum
768 2524 808 2572 ⁵41

146 2583 323 2633 Laomedonteae
334 2586 405 2633 sentis
414 2586 512 2647 perjuria
521 2586 614 2648 gentis?

148 2647 211 2703 Quid
223 2648 289 2697 tum?
305 2650 354 2699 sola
364 2648 421 2713 lugd
430 2660 511 2700 nautas
521 2652 645 2701 comitabor
654 2650 768 2701 ovantes?
