1709 2925
130 147 182 199 aas
317 135 481 198 AENEIDOS
498 139 609 196 nava

46 289 51 302 ·
129 278 188 334 Nec,
200 277 237 340 qui
248 278 371 340 pampineis
381 278 455 324 sistor
461 279 518 341 juga
528 277 599 325 flectit
609 269 713 338 habens,

129 344 205 398 Liber,
217 358 287 406 agens
299 343 359 389 celso
370 341 445 404 Nysce
456 344 579 390 devestire
589 343 667 405 tigres

131 405 166 457 Et
175 408 302 456 dubitamus
312 408 385 454 adhuc
395 410 504 455 uirtutem
514 407 636 456 extendere
645 408 735 456 iretis?

129 475 180 522 Aut
189 478 263 520 metus
275 470 378 519 Ausonii
387 473 491 534 prohibet
501 474 624 520 consistere
635 472 716 522 tendi

130 539 188 594 Quis
199 538 278 601 procul
288 537 327 584 ille
337 545 410 585 sutem
423 538 491 584 ramis
501 538 597 600 insignis
608 538 677 586 olirae

130 604 199 651 Sacra
208 602 303 650 ferens?
319 617 389 650 nosco
399 604 473 649 crines
484 604 607 664 incanaque
616 610 697 651 menta
749 603 798 649 810

128 668 202 730 Regis
213 667 329 726 Romani;
345 670 431 731 primus
441 668 480 728 qui
490 669 578 730 legibus
589 669 667 715 urbem

128 732 248 789 Fundabit,
261 732 358 782 Curibus
367 733 443 796 parvis
453 739 476 779 et
486 748 584 795 paupere
594 732 655 780 terri

128 797 218 846 Missus
224 800 249 845 in
260 799 376 861 imperium
387 812 505 860 magnum.
539 796 583 846 cui
595 798 676 845 deinde
687 798 773 854 subint,

129 863 185 911 Otia
194 865 232 926 qui
243 870 331 926 rumpet
341 863 427 926 patriae,
440 859 569 924 residesque
575 864 678 911 movebit

128 927 211 976 Tullus
221 930 244 976 in
256 944 318 976 arma
328 928 396 981 viros,
407 936 431 974 et
441 929 491 989 Jam
502 928 595 975 desueto
604 928 726 992 triumphis

129 994 245 1056 Agmina:
265 1008 330 1053 quem
338 993 406 1054 juxta
417 994 518 1053 sequitur
528 993 653 1055 juctnnticr
664 994 749 1048 Ancus,

127 1058 198 1107 Nunc
206 1072 294 1119 quoque
300 1059 349 1121 jam
360 1057 455 1104 nimium
465 1058 567 1119 gsudens
576 1055 723 1120 popularibus
730 1057 788 1106 auris·

128 1121 173 1170 Vm
183 1131 206 1169 et
216 1122 352 1182 Tarquinios
363 1137 436 1184 reges,
447 1124 589 1184 animamque
599 1125 717 1185 superbam

128 1187 218 1235 Ultoris
228 1186 302 1242 Bruti,
312 1187 429 1248 fascesque
439 1188 516 1235 cidere
525 1188 647 1251 receptos?

129 1251 236 1302 Consulis
247 1252 363 1315 imperium
371 1253 408 1299 iric
417 1253 504 1315 primus
515 1263 632 1316 serusque
642 1269 732 1302 securres
745 1254 787 1299 εἳ]

128 1319 247 1380 Accipiet:
267 1325 377 1379 natosque
387 1325 457 1381 peter,
468 1333 527 1366 nona
536 1318 595 1366 betia
604 1323 731 1377 moventes,

129 1382 168 1430 Ad
178 1397 268 1443 poenam
279 1381 373 1445 pulchri
383 1398 423 1446 pro
433 1384 537 1430 libertate
546 1384 642 1440 vacabit,

128 1444 226 1496 Infelix!
245 1446 377 1510 Utcumque
387 1446 461 1496 serent
469 1465 495 1496 en
506 1447 566 1497 iacta
575 1448 683 1506 minores,

128 1512 214 1560 Vincet
224 1527 288 1560 amor
298 1515 384 1576 patriae,
393 1515 530 1576 laudumque
539 1515 651 1563 immense
660 1515 745 1577 cupido.

97 1582 99 1585 ’
130 1577 193 1634 Quin
205 1577 297 1634 Decios,
310 1577 446 1641 Drusosque
455 1581 540 1643 procul,
552 1592 684 1643 suevumque
694 1578 760 1627 securi

129 1643 230 1706 Adspice
239 1641 387 1706 Torquatum,
399 1652 423 1692 et
434 1644 567 1692 referentem
578 1645 644 1708 signa
655 1643 774 1693 Caruilium
802 1684 804 1691 Α
845 1646 846 1661 ’

130 1707 181 1757 llice
191 1717 274 1765 autem,
285 1710 374 1773 paribus
385 1725 440 1771 quas
450 1709 539 1772 fulgere
549 1711 623 1757 cernis
633 1712 657 1757 in
669 1711 741 1765 armis,

130 1772 262 1823 Concordes
273 1775 354 1822 animes
365 1789 431 1830 nunc,
443 1782 467 1821 et
478 1774 530 1821 dum
541 1782 609 1822 nocte
618 1783 751 1838 prementur,
844 1822 845 1825 ,

130 1838 199 1889 Heu!
218 1846 325 1902 quantum
337 1841 396 1887 inter
407 1852 432 1887 se
441 1839 531 1896 bellum,
543 1840 659 1888 silumina
669 1842 721 1890 rite

128 1904 263 1967 Attigerint,
274 1912 368 1967 quantas
378 1906 438 1952 acies
447 1912 590 1968 stragemque
601 1906 690 1953 ciebunt
699 1906 704 1955 l
743 1906 783 1952 880

129 1968 261 2031 Aggeribus
272 1986 336 2018 socer
347 1971 438 2033 Alpinis
448 1976 516 2031 etque
525 1985 576 2017 arce
586 1970 692 2018 Monoeci
843 2022 844 2029 χ

129 2030 296 2093 Descendens3
312 2050 383 2098 gener
394 2036 494 2083 adversis
503 2036 626 2083 instructus
636 2034 701 2085 Eois.
843 2032 844 2081 i

127 2095 175 2152 Ne,
186 2099 256 2164 pueri,
267 2112 297 2147 ne
306 2107 369 2148 tanta
379 2101 460 2148 animis
470 2101 592 2149 assuescite
601 2101 661 2148 belis
667 2118 676 2160 ;

128 2160 185 2209 Neu
194 2164 273 2224 patriae
283 2165 369 2213 validas
379 2167 402 2212 in
412 2166 499 2214 viscera
508 2167 591 2213 vertite
600 2167 667 2213 sires.

129 2224 213 2288 Tuque
223 2228 290 2289 prior,
302 2236 327 2276 tu
337 2245 410 2292 perce,
421 2245 495 2293 genus
505 2232 543 2293 qui
555 2232 617 2278 ducis
628 2230 725 2295 Olympo
731 2247 740 2289 ς
841 2208 844 2297 l

45 2298 47 2305 ’
130 2288 221 2355 Projioe
231 2292 276 2339 tela
286 2308 361 2349 manu,
373 2297 466 2357 sanguis
476 2310 548 2343 meas.

128 2354 174 2405 Ille
183 2356 319 2420 triumphali
330 2357 443 2422 Capitolia
453 2362 481 2408 ad
491 2362 537 2408 alta
548 2358 661 2409 Corintho

128 2416 211 2470 Victor
221 2429 275 2485 aget
285 2438 381 2479 currum,
393 2426 460 2472 cresis
469 2426 566 2487 insignis
577 2425 679 2473 sennis

129 2483 205 2534 Eruet
214 2488 254 2534 ille
263 2487 348 2551 Argos,
360 2488 598 2552 Agamemnoniasque
608 2490 723 2551 Mycenes,
737 2491 774 2535 841

129 2548 253 2613 Ipsumque
260 2552 377 2608 AEaciden,
388 2566 462 2616 genus
472 2555 737 2616 amnipotentisAchillei3

130 2613 200 2661 Ultus
211 2628 266 2664 avos
276 2616 360 2680 Trojae,
372 2619 455 2680 templs
465 2624 488 2665 et
498 2626 607 2666 temerata
614 2618 728 2668 Afinervae.

129 2676 777 2747 nursnmagnecao.nemo‚anteconerdimsl
