1709 2925
266 128 433 180 AENEIDOS
448 126 533 178 nan
704 138 736 183 96

21 272 23 319 l
77 261 193 313 Venturum
205 262 294 311 excidio
304 260 399 324 Libyae:
418 262 452 309 sie
461 263 555 309 volvere
565 259 657 309 Persas.

21 334 23 353 *
77 327 101 377 Id
109 338 214 386 metuens,
225 331 353 389 veterisque
361 342 449 375 mernor
460 327 565 377 saturnis
575 327 634 382 belli.

76 393 143 443 Prima
152 396 212 457 quod
223 396 252 443 ad
261 393 355 457 ijam
365 410 408 455 pro
418 394 477 440 caris
486 400 589 455 gesserat
599 393 685 456 Argisr

21 458 22 507 ζ
77 458 180 508 Necdum
191 461 260 508 etiam
271 474 345 506 earrsae
356 460 440 506 irarum
451 459 550 519 saesique
560 458 650 506 dolores

21 540 22 565 1
77 524 205 573 Exciderant
215 527 306 584 auimo;
322 530 400 571 manet
410 523 455 571 altd
464 531 541 570 mente
552 522 666 585 rspdstum

74 588 180 638 Judieium
192 591 287 645 Paridis,
299 598 425 652 spretaeque
436 589 517 651 injrrria
526 588 613 644 forme,

77 653 106 701 Et
114 672 183 718 genus
193 657 299 710 inrisum,
311 665 334 702 et
345 657 402 716 rapti
413 654 554 714 Ganymedis
565 650 675 703 tonores:

77 717 406 784 Hisaeeeusasuper‚jaetstos
417 726 567 781 oequoretoto
701 723 734 768 99

21 822 22 833 r
76 782 148 844 Troas,
158 787 271 848 relliquias
281 785 389 833 Danaum
400 793 469 846 atque
479 784 573 830 immitis
584 784 689 844 Achillei,

76 849 164 899 Ardebat
174 853 244 915 longe
256 850 338 909 Lati03
356 851 485 910 multosque
494 864 535 912 per
545 864 617 897 runos

76 913 177 964 Ensbsut
187 919 232 964 acti
241 917 295 963 istis
304 917 376 963 muris
386 917 463 962 omniu
473 917 565 961 citeron.

75 978 148 1029 'laute
155 982 221 1030 molis
231 989 280 1029 erat
291 981 418 1028 &monam
430 981 527 1027 condere
537 987 638 1043 gentem.

21 1090 23 1095 .
103 1046 146 1094 le
156 1063 169 1095 e
179 1053 302 1110 conspeetu
315 1047 398 1094 Siculae
409 1046 495 1093 telluris
506 1047 529 1092 in
541 1046 611 1092 ultum

76 1108 127 1160 Vela
136 1114 216 1160 dabunt
226 1113 280 1168 laeti,
292 1119 316 1159 et
326 1127 417 1174 spumas
428 1112 482 1158 salis
492 1125 538 1157 sere
548 1112 658 1169 ruebant;

77 1174 128 1224 Cum
138 1177 205 1233 Jono,
218 1186 329 1243 paternum
341 1190 434 1224 servans
441 1177 483 1223 sul)
493 1184 583 1238 pectore
595 1176 684 1233 uulnus,

76 1239 129 1289 Huc
139 1258 228 1290 secum:
249 1243 323 1289 Mene
334 1243 423 1304 incepto
434 1242 542 1289 desistere
553 1243 642 1296 victam,

75 1304 119 1353 Nec
129 1324 192 1371 posse
202 1307 270 1356 Italid
277 1307 418 1354 Teucrorum
429 1314 532 1354 avertere
542 1306 637 1369 regern?

77 1370 156 1435 erppe
166 1381 230 1421 νεῖον
240 1373 306 1421 satis!
331 1372 437 1419 Pallasne
448 1386 543 1419 exurere
553 1372 648 1419 classem

72 1436 183 1506 uirginum,
195 1446 263 1502 atque
274 1440 335 1502 ipsos
345 1439 419 1502 potuit
429 1439 575 1501 submergere
585 1447 662 1502 ponto,
702 1442 736 1486 40

76 1500 142 1552 Unius
151 1507 179 1553 ob
189 1521 274 1554 nonam
285 1513 309 1552 et
318 1504 387 1551 furias
398 1504 476 1567 Ajacis
486 1503 565 1552 Oilei?

76 1565 87 1613 l
137 1570 200 1620 Jovis
212 1572 313 1634 rapidum
319 1569 443 1633 jaculatae
454 1570 549 1618 nubibus
556 1571 641 1633 ignem,

75 1584 420 1765 lui

76 1761 164 1814 Turbine
173 1767 288 1830 corripuit,
299 1767 436 1829 scopuloque
447 1766 521 1812 infixit
531 1772 604 1811 acuto.

75 1828 114 1878 Ast
122 1847 171 1895 ego,
182 1849 234 1893 quse
245 1832 335 1880 Disdm
345 1833 426 1880 incedo
437 1832 522 1893 regino,
532 1828 645 1891 ‚lorisque

76 1891 104 1940 Et
112 1912 170 1945 soror
181 1907 205 1945 et
215 1900 306 1961 conjux,
319 1896 363 1945 und
374 1911 426 1944 oum
438 1904 509 1959 gente
519 1902 553 1941 tot
563 1908 635 1941 anuos

76 1956 133 2009 Bella
141 1979 201 2026 gero.
235 1963 270 2010 Et
279 1964 397 2025 quisquam
409 1976 494 2008 numen
504 1958 604 2008 Junonis
613 1960 691 2009 sdor'et

77 2021 185 2084 Praeres,
196 2036 236 2076 sut
247 2028 342 2091 supplex
352 2030 397 2076 nn's
407 2028 509 2089 imponat
518 2025 646 2074 honorem?

102 2090 162 2141 Talia
171 2094 286 2142 flammato
298 2110 374 2141 secum
387 2091 441 2140 Des
450 2093 518 2139 eorde
528 2092 639 2148 volutans,
701 2096 735 2141 50

76 2152 199 2208 Nimborum
212 2161 235 2207 iu
246 2160 349 2223 patriam,
359 2160 410 2206 loos
420 2157 467 2205 sets
477 2157 601 2205 uisendum
612 2161 710 2216 Austris,

75 2220 165 2271 AEoliam
177 2225 249 2275 venit.
282 2222 332 2271 Hie
342 2231 407 2273 ussto
418 2238 459 2271 rex
469 2222 553 2271 AEolus
563 2232 629 2273 antro

76 2280 189 2339 halantes
198 2296 281 2338 ventos
292 2297 481 2352 tempestatesque
492 2304 585 2337 sonoros

76 2348 164 2415 Imperio
173 2357 262 2419 premis,
273 2370 300 2403 ao
310 2356 422 2402 unciiset
433 2369 522 2402 carcere
532 2356 612 2403 frenat.

76 2412 107 2463 llli
116 2421 257 2486 indignantes
267 2436 353 2483 magno
363 2435 415 2467 eum
427 2435 542 2469 murmure
552 2420 636 2467 monus

77 2478 157 2532 OEreum
167 2488 266 2535 claustra
276 2486 383 2534 fremunt.
416 2484 486 2535 celsa
495 2487 559 2533 sedet
569 2483 653 2530 AEolus
664 2497 716 2528 aste

77 2545 157 2611 &epm
166 2559 255 2609 tenens,
265 2551 383 2613 mollitque
393 2552 489 2606 animos,
500 2558 524 2597 et
533 2552 644 2606 temperat
655 2547 698 2591 iras
706 2563 722 2607 :p

77 2608 103 2657 Nl
112 2614 180 2673 iscius,
191 2619 263 2665 muria
273 2632 300 2663 ae
310 2624 382 2663 terras
393 2615 523 2673 coelumque
534 2609 670 2672 protundum

78 2675 157 2744 Quippe
166 2682 240 2733 ierunt
251 2682 321 2744 rapidi
329 2696 413 2736 seeum,
425 2684 561 2734 versamque
570 2687 612 2734 per
622 2686 696 2717 ww·
