1709 2925
118 116 166 163 154
306 110 471 161 AENEIDOS
488 111 541 161 Lm
553 110 602 161 III.

120 243 180 293 Cum
192 245 265 293 subito
276 259 289 292 e
300 243 370 300 silvis,
379 244 452 291 macie
461 243 564 291 consecto
574 244 686 305 supremi.
743 245 806 291 590

119 308 197 371 Ignoti
208 324 268 356 uova
278 308 352 355 forma
361 310 411 364 viri,
423 308 593 370 miserandaque
603 310 673 364 cultu,

120 374 235 431 Procedit,
247 375 386 435 supplexque
395 375 514 421 manased
525 375 591 420 litore
601 375 681 422 tendit.
704 384 707 389 ”

119 439 271 501 Respicimus.
297 438 356 486 Dira
367 440 461 494 illuvies,
472 440 617 500 immissaque
627 441 701 494 barba,

121 502 258 552 consertum
268 506 369 566 tegimen
381 505 465 566 spinis:
484 512 507 550 at
517 513 600 551 caetera
611 505 705 558 Graius,

120 569 154 616 Et
164 570 276 630 quondam
288 571 365 630 patriis
376 571 404 616 ad
415 569 507 631 TroJ'am
519 571 601 616 missus
611 571 636 614 in
647 571 728 618 armis.

119 632 190 694 Isque
201 635 237 680 ubi
248 634 378 682 Dardanios
388 635 476 681 babitus
486 642 510 680 et
520 634 591 681 Troia
602 634 660 680 vidit

120 699 193 746 Arme
202 701 288 762 procul,
300 700 390 762 paulum
401 700 507 761 adspectu
518 700 653 747 conterritus
664 699 744 755 haesit,

120 761 284 826 Continuitque
293 766 402 828 gradum
421 780 476 811 mox
487 780 537 811 sese
547 765 575 812 ed
585 765 653 810 litora
662 780 771 828 praeceps

121 827 181 877 Cum
193 829 248 878 lietu
259 833 405 893 precibusque
415 830 474 876 tulit.
502 828 548 876 Per
553 830 630 875 'sidem
641 837 723 886 testor,

120 894 166 943 Per
179 896 283 958 Superos,
295 905 362 956 atque
372 896 415 943 hoc
426 895 478 941 coeli
491 895 593 957 spirabile
604 895 700 952 lumeu;
745 897 794 942 600

117 959 205 1007 Tollite
215 977 258 1016 me,
270 959 368 1017 Teucri3
386 976 539 1021 quascumque
549 960 652 1006 abducite
662 967 756 1018 terras3

121 1024 176 1072 Hoc
187 1035 222 1072 sat
231 1027 281 1072 erit.
310 1025 363 1071 Scio
373 1041 411 1072 me
422 1025 511 1073 Danais
521 1041 534 1072 e
545 1025 652 1073 classibus
663 1040 747 1083 unum,

120 1089 155 1137 Et
164 1090 223 1137 bello
235 1089 317 1137 Iliacos
326 1089 399 1137 fateor
409 1092 500 1153 petiisse
510 1099 602 1152 penates
610 1107 619 1148 ;

120 1154 168 1202 Pro
179 1170 230 1215 quo,
242 1156 261 1200 si
272 1156 362 1202 sceleris
373 1164 436 1203 tenta
446 1166 482 1203 est
492 1156 573 1219 injuria
584 1155 665 1212 nostri,

121 1219 227 1282 Spargite
236 1235 274 1266 me
285 1221 308 1266 in
319 1220 408 1277 fluctus,
420 1229 530 1282 vastoque
539 1221 668 1282 immergite
679 1227 762 1283 ponto.

121 1284 146 1332 Si
157 1300 231 1346 pereo,
242 1286 473 1333 homininumanibus
482 1286 677 1349 periissejuvebit.

119 1348 233 1408 Dixerat;
249 1358 273 1399 et
282 1366 358 1413 genua
368 1351 491 1413 amplexus,
502 1352 643 1413 genibusque
651 1351 761 1398 volutans

119 1414 237 1462 Haerebat.
264 1415 311 1471 Qui
322 1417 359 1472 sit,
369 1415 418 1472 sari,
430 1432 476 1478 quo
487 1417 598 1479 sanguine
608 1422 692 1472 cretus,
746 1444 751 1448 ·

120 1481 263 1537 Hortamur3
280 1497 332 1541 quae
343 1482 423 1528 deinde
434 1484 505 1545 agitet
515 1482 612 1536 fortuna,
622 1481 697 1529 fateri.
742 1484 790 1530 609

119 1543 174 1608 Ipse
183 1553 247 1608 pater
257 1547 358 1594 dextram
370 1547 489 1604 Anchises,
498 1548 558 1595 baud
567 1548 639 1594 multa
648 1554 758 1602 moratus,

119 1609 170 1659 Det
175 1612 255 1674 juveni
265 1629 272 1669 ς
289 1618 357 1673 atque
367 1614 467 1659 animum
481 1614 588 1675 praesenti
598 1614 697 1674 pignore
707 1612 790 1659 firmat.

119 1673 165 1723 Ille
175 1677 232 1732 haec,
243 1676 344 1739 depositi
354 1679 444 1725 tendem
455 1678 580 1733 formidine,
592 1677 667 1724 fatur:

154 1741 210 1789 Sum
221 1741 293 1805 patrii
302 1757 332 1790 ex
344 1742 431 1799 Ithace,
443 1759 520 1790 comes
531 1744 627 1790 infelicis
639 1742 741 1804 Ulyssei,

120 1806 214 1855 Nomen
225 1809 398 1866 Achemenides,
410 1808 511 1872 Trojam,
523 1808 627 1870 genitore
638 1807 764 1856 Adamasto

121 1871 225 1936 Psupere
237 1876 411 1938 (mansissetque
422 1875 508 1921 utinam
519 1874 611 1921 fortuna
618 1871 637 1933 l)
649 1872 769 1935 profectus.

121 1935 171 1984 Hic
181 1953 225 1993 me,
237 1940 290 1985 dum
302 1941 381 2002 trepidi
392 1940 491 1986 crudelia
500 1940 579 1986 limina
588 1938 702 1999 linquunt,

121 1999 272 2050 Immemores
282 2005 337 2051 socii
349 2011 413 2051 vesto
425 2002 533 2065 Cyclopis
544 2004 567 2050 in
579 2010 645 2050 antro

120 2065 258 2114 Deseruere.
286 2068 378 2116 Domus
390 2070 452 2116 sanie
462 2070 598 2130 dapibusque
609 2069 716 2123 cruentis,

120 2129 189 2177 Intus
200 2147 275 2193 opera,
287 2135 375 2196 iugens.
403 2133 457 2197 Ipse
468 2135 557 2188 arduus,
568 2134 657 2193 altoque
668 2134 739 2196 pulsat

122 2196 207 2249 Sidera,
220 2196 271 2259 (Di,
283 2199 350 2245 talem
363 2201 428 2246 terris
439 2202 534 2246 evertite
543 2206 629 2261 pestem
640 2196 660 2258 l)
738 2201 782 2256 620

120 2259 174 2307 Nec
184 2262 234 2307 visu
244 2261 323 2317 facilis,
334 2279 376 2311 nec
387 2265 449 2311 dictu
459 2264 553 2311 affabilis
563 2265 611 2309 ulli.

122 2324 253 2374 Visceribus
263 2328 395 2375 miserorum
404 2336 430 2375 et
440 2331 551 2391 sanguine
560 2329 660 2375 vescitur
669 2333 724 2375 atro.

122 2387 178 2438 Vidi
185 2399 284 2455 egomet,
296 2393 340 2440 duo
351 2395 379 2441 de
390 2410 485 2441 numero
496 2410 547 2441 cum
559 2407 654 2457 corpora
664 2401 739 2440 nostro

123 2455 211 2505 Prense
222 2473 289 2505 manu
301 2458 385 2521 magud
396 2461 470 2506 medio
481 2461 599 2522 resupinus
609 2462 633 2505 in
645 2466 710 2505 antro

123 2520 250 2586 Frangeret
261 2524 288 2571 ad
299 2539 385 2579 sexum,
398 2527 504 2586 sanieque
512 2540 618 2587 exspersus
628 2532 730 2571 natarent

123 2585 231 2648 Limina3
247 2590 294 2637 vidi
304 2598 353 2638 atro
364 2606 415 2638 eum
427 2593 528 2639 membra
541 2591 634 2638 fluentia
644 2591 698 2636 tabo

123 2649 252 2713 Manderet,
264 2656 368 2720 ettepidl
378 2664 503 2705 tremerent
513 2658 556 2704 sub
566 2657 670 2704 dentibus
682 2663 749 2714 artus3
