1709 2925
132 128 182 175 124
326 120 491 173 AENEmos
507 114 562 171 Lm
572 114 608 170 11.

134 250 183 298 Vix
194 265 221 298 ea
230 248 289 298 satus
299 264 369 307 eram,
380 251 467 313 gemitu
478 261 531 297 cum
541 250 594 299 talis
603 247 693 298 rcdditz

134 315 206 362 Venit
217 328 305 362 summa
314 315 397 361 dieset
407 315 549 362 ineluctabile
561 324 649 377 tempus

134 379 264 428 Dardaniae.
297 377 392 428 Fuimus
403 378 493 437 Tmen
509 380 553 427 suit
564 378 639 434 Ilium,
650 386 674 427 et
684 380 786 443 ingena

134 445 214 493 Gloria
223 442 370 491 Teucrorum.
402 443 474 491 Ferus
485 445 561 491 omnis
570 443 660 506 Jupiter
670 445 766 507 Argos

132 507 267 556 Transtulit.
298 506 397 556 Incensi
408 508 484 555 Danai
494 509 637 556 dominantur
648 510 671 555 in
682 511 758 558 urbe.

132 574 225 621 Arduus
236 580 334 620 armatos
345 573 423 620 mediis
435 575 457 620 in
469 575 580 620 moenibus
591 574 683 620 adstans

132 637 219 686 Fundit
229 654 307 699 equus,
318 639 435 700 victorque
446 638 518 685 Sinon
530 639 632 685 incendia
642 639 739 695 miscet,

132 701 256 752 Insultans.
288 703 364 751 Portis
374 703 411 749 alii
422 703 570 766 bipatentibus
581 703 671 754 adsunt.
754 698 814 751 ssd

131 766 207 816 Millia
217 775 273 829 quot
282 769 370 830 magnis
380 783 480 827 unquam
490 765 574 814 vendre
584 767 699 828 Mycenis.

131 832 246 880 Obsedere
256 832 292 881 alii
304 833 354 880 telis
366 840 463 895 angusta
473 833 560 879 viarum

131 896 251 961 Oppositi3
269 904 314 944 stat
323 897 376 944 ferri
387 898 447 944 acies
458 912 566 944 mucrone
577 911 672 946 corusco

131 963 221 1018 Stricta,
231 969 308 1025 parata
318 963 382 1019 neci3
399 962 439 1009 vix
446 962 512 1025 primi
522 961 601 1025 proelia
610 968 699 1009 tentant

131 1025 250 1074 Portarum
261 1027 349 1089 vigiles,
360 1035 383 1073 et
393 1041 455 1073 caeco
466 1025 544 1073 Marte
554 1027 668 1073 resistunt.

129 1090 222 1139 Talibus
233 1090 356 1152 Othryadae
366 1091 432 1138 dictis
442 1098 465 1137 et
476 1092 567 1139 nurnine
577 1089 666 1137 Divom

129 1154 160 1204 In
170 1155 272 1204 flammas
282 1164 305 1203 et
315 1157 339 1202 in
350 1171 412 1204 arma
420 1154 488 1212 feror,
499 1170 544 1217 quo
555 1156 625 1202 tristis
636 1154 749 1215 Erinnys,

130 1221 185 1276 Quo
195 1221 297 1269 fremitus
307 1227 380 1277 vocat,
392 1227 415 1267 et
427 1221 526 1267 sublatus
537 1220 566 1267 ad
577 1220 661 1267 aethera
671 1220 769 1267 clamon

128 1286 224 1334 Addunt
235 1302 261 1333 se
271 1287 344 1334 socios
355 1285 463 1347 Rhipeus.
475 1292 499 1331 et
509 1285 620 1332 maximus
629 1285 699 1331 armis
744 1281 801 1331 889

129 1349 236 1413 Epytus3
253 1351 320 1398 oblati
330 1365 371 1412 per
381 1351 457 1396 lunam
469 1348 621 1412 Hypanisque
631 1348 784 1410 Dymasque,

129 1413 163 1464 Et
174 1416 236 1461 lateri
248 1416 405 1481 agglomerant
416 1421 509 1474 nostro;
521 1415 658 1479 Juvenisque
670 1412 789 1464 Coroebus

128 1480 292 1547 Mygdonides
323 1479 371 1527 Illis
382 1480 409 1527 ad
420 1479 513 1545 Trojam
523 1480 583 1526 forte
596 1481 674 1527 diebus

128 1544 234 1601 Venerat,
246 1546 325 1593 insano
337 1543 472 1593 Cassandrae
482 1546 588 1592 incensus
598 1559 691 1602 amore3

127 1609 161 1658 Et
171 1625 243 1673 gener
253 1610 361 1657 auxilium
372 1608 464 1657 Priamo
476 1608 649 1673 Phrygibusque
658 1609 747 1658 ferebat
753 1623 763 1669 ;

65 1699 69 1708 x
126 1673 218 1730 Infelix,
230 1675 268 1774 qui
279 1690 325 1722 non
336 1688 425 1737 sponse
436 1682 549 1738 precepta
558 1673 654 1722 furentis

126 1741 245 1789 Audierit.

124 1803 193 1861 Quos
205 1806 240 1852 ubi
251 1804 365 1854 confertos
376 1806 458 1853 audere
468 1806 491 1853 in
502 1805 582 1868 proelia
592 1805 645 1860 ridi,

21 1907 27 1918 .
126 1869 214 1934 Incipio
225 1887 291 1934 super
302 1872 350 1918 his:
370 1869 479 1926 Juvenes,
490 1869 612 1918 fortissima
620 1870 706 1918 frustra

126 1935 229 1989 Pectora,
241 1937 260 1983 si
271 1937 335 1984 vobis
345 1936 464 1983 audentem
474 1943 575 1982 extrema
585 1936 666 1998 cupido

126 1997 196 2048 Certa
207 2000 282 2061 sequi3
294 2016 346 2062 quae
357 2001 386 2047 sit
396 2001 463 2047 rebus
472 1999 564 2046 fortuna
574 1999 669 2047 videtis:
743 1999 795 2064 850

125 2063 253 2112 Excessere
263 2080 342 2112 omnes
353 2065 426 2126 adytis
437 2064 525 2125 arisque
536 2064 619 2110 relictis

125 2127 167 2183 Di,
178 2130 257 2205 qqribus
267 2130 384 2191 imperium
396 2130 440 2176 hoc
451 2135 557 2186 steterat;
574 2126 704 2175 succurritis
715 2126 766 2174 urbi

125 2189 242 2239 Incensae:
260 2194 389 2247 moriamur,
400 2201 424 2240 et
435 2195 458 2240 in
469 2193 542 2241 media
556 2208 619 2240 anna
629 2206 730 2243 mamus.

126 2256 180 2303 Una
191 2256 250 2303 salus
261 2257 333 2311 victis,
345 2258 429 2304 nullam
441 2273 530 2320 sperare
541 2258 643 2305 salutem

124 2321 163 2369 Sic
174 2321 254 2368 animis
260 2322 372 2382 Juvenum
383 2321 447 2369 furor
457 2323 554 2370 additus,
587 2320 651 2375 lnde,
662 2320 711 2383 lupi
720 2334 765 2369 teu

123 2384 237 2447 Raptores
248 2383 296 2432 utri
307 2386 330 2432 in
341 2385 428 2440 nebuld,
440 2403 497 2447 quos
508 2387 609 2451 improba
618 2386 705 2433 ventris
808 2380 812 2389 '

122 2449 210 2513 Exegit
220 2464 294 2497 caecos
304 2451 383 2506 rabies,
395 2451 509 2512 catulique
520 2452 591 2499 relicti

122 2513 233 2562 Faucibus
246 2521 378 2577 exspectant
389 2516 472 2573 siccls;
489 2532 529 2578 per
540 2515 592 2570 tela,
602 2530 643 2578 per
654 2516 742 2569 hostes,

121 2576 232 2627 Vadimus
247 2579 308 2626 baud
329 2579 418 2626 dubiam
436 2580 461 2626 in
477 2587 582 2637 mortem,
598 2571 725 2641 medaeque
740 2586 777 2627 te·

215 2657 295 2692 nemus
