1709 2925
250 2 285 25 ’Ὗ

123 100 152 144 12
291 95 476 147 BUCOLICA.
493 97 552 146 Ecr„
564 97 609 146 1v.

352 358 493 409 ECLOGA
509 360 556 409 lv.

410 490 494 537 Pollio.

122 623 248 670 S1cnn1nns
258 619 342 675 Muaae,
353 621 419 683 paulo
429 622 515 684 majora
524 634 631 667 canamus
640 637 648 679 ;

121 687 177 735 Non
188 702 266 733 omnes
277 688 455 750 arbustajuvant
464 686 604 746 humilesque
613 687 723 746 myricae3

123 753 148 800 si
159 753 259 798 canimus
270 752 344 806 ailraa,
356 752 420 798 silvae
431 751 477 798 rint
487 750 579 797 consule
590 752 674 812 dignae.

149 816 244 864 Ultima
255 813 343 864 Cumaei
354 816 416 862 venit
422 817 472 878 jam
484 816 587 872 carminis
598 825 666 873 cctaa3
724 831 728 841 ¹

122 881 225 944 Magnus
235 882 263 928 ab
273 882 362 942 integro
373 880 491 927 saeclorum
502 880 601 926 nascitur
611 881 674 927 ordo.

121 946 175 997 Jam
186 947 243 994 redit
252 953 276 992 et
287 945 378 1007 Virg03
395 944 489 991 redeunt
500 945 605 992 Saturnia
615 960 699 1005 regna;

122 1011 175 1061 Jtm
187 1026 246 1058 noun
256 1011 375 1072 progenies
386 1010 445 1056 coelo
456 1010 579 1056 demittitur
590 1010 642 1055 alto.

121 1075 160 1123 'I'u
171 1077 238 1123 modo
249 1075 350 1122 naacenti
360 1089 438 1136 puero,
449 1089 494 1135 quo
504 1073 576 1121 ferrea
586 1075 682 1135 primum

123 1140 228 1194 Detinet,
239 1155 265 1187 ac
275 1146 324 1187 tcto
335 1147 413 1202 surget
422 1154 480 1201 gena
490 1153 558 1185 aurea
567 1139 658 1193 mundo,

123 1204 194 1254 Cauta
203 1205 254 1252 fare
266 1204 368 1252 Lucina:
388 1212 441 1251 tuus
448 1206 496 1266 jam
508 1211 588 1265 regnat
600 1204 690 1264 Apollo.
761 1209 794 1250 10

122 1269 203 1331 Teque
214 1270 270 1317 adeo
281 1270 348 1317 decur
359 1270 402 1316 hoc
413 1269 464 1324 aeri,
473 1276 497 1314 te
507 1267 604 1321 consule
616 1269 686 1322 inibit,

123 1334 197 1382 Pollio
203 1352 211 1392 ;
229 1342 253 1381 et
262 1335 368 1396 incipient
378 1335 455 1396 magni
466 1334 585 1395 procedere
595 1348 691 1379 menses.

121 1398 159 1446 Te
169 1400 232 1454 duce,
243 1399 261 1446 ri
272 1414 317 1460 qua
327 1406 418 1446 manent
428 1397 519 1444 sceleris
529 1398 626 1458 vestigia
637 1397 714 1452 nostri,

122 1464 191 1513 Irrita
200 1461 307 1528 perpetui
318 1466 405 1512 solvent
414 1461 534 1511 formidine
544 1471 622 1510 terrac.

123 1528 167 1577 Ille
177 1530 244 1577 detlm
255 1530 325 1577 vitam
335 1530 434 1592 accipiet,
446 1529 547 1590 divisque
557 1528 642 1575 videbit

123 1594 253 1642 Permixtoc
263 1594 349 1648 heroas,
360 1603 383 1641 et
393 1595 441 1655 ipae
450 1594 562 1640 videbitur
571 1593 630 1650 illir5

122 1659 276 1720 Pacatumque
286 1666 351 1721 reget
359 1658 437 1721 patriis
447 1659 567 1705 virtutibus
577 1659 660 1705 orbem·

122 1726 158 1771 At
165 1725 206 1771 tibi
216 1725 296 1786 prima,
307 1738 368 1786 puer,
379 1722 442 1770 nullo
452 1723 586 1771 munuscula
596 1722 665 1775 cultu.

123 1787 233 1836 Errantes
244 1788 336 1835 hederas
346 1788 428 1851 passim
440 1804 491 1835 cum
502 1789 600 1844 liaccrre,
609 1787 682 1841 tellus.

120 1853 241 1915 Mixtaque
251 1853 332 1900 ridenti
342 1854 453 1901 colocasia
460 1853 540 1900 fundet
550 1854 653 1900 acantho.
758 1856 792 1900 20

122 1916 184 2030 {ig
194 1919 252 1965 lacte
262 1919 353 1965 domum
364 1918 462 1965 referent
473 1918 570 1966 distento
580 1916 671 1979 capeliae

177 1998 216 2036 τις
233 1997 276 2030 nec
286 1998 381 2045 magnos
392 1991 494 2031 metuent
504 1989 605 2030 armento
612 1982 698 2029 leones.

121 2044 176 2110 Ipsa
186 2047 224 2094 tihi
235 2047 328 2095 blandos
337 2048 433 2095 fundent
443 2048 553 2106 cunabula
562 2047 637 2094 flores.

122 2111 217 2159 Occidet
228 2120 251 2160 et
262 2128 360 2175 serpens,
372 2121 395 2159 et
405 2112 474 2159 fallax
485 2112 553 2159 herba
561 2112 645 2159 veneni

119 2175 228 2233 Occidet3
245 2177 365 2240 Ancyrium
376 2178 447 2239 vulgo
457 2185 561 2224 nascetur
570 2190 693 2224 amomum.

120 2240 161 2296 At,
173 2242 241 2288 simul
250 2244 343 2290 heroum
353 2243 432 2289 laudea
442 2249 466 2289 et
475 2240 535 2289 facta
544 2242 644 2304 parentis

120 2303 174 2353 Jam
185 2307 267 2368 legere,
279 2315 302 2354 et
312 2322 364 2368 quae
375 2307 404 2353 cit
414 2307 498 2369 poteris
509 2321 647 2369 cognoscere
656 2305 729 2353 virtus
738 2323 746 2365 3

120 2369 188 2416 Molli
199 2371 305 2431 paulatim
316 2371 423 2419 flavescet
433 2386 526 2433 campus
534 2370 609 2424 aristi,

120 2432 261 2496 Incultirque
271 2437 352 2485 rubent
362 2436 467 2498 pendebit
477 2436 577 2483 centibus
587 2450 646 2493 uva5

120 2498 334 2561 Etduraequercnu
345 2500 550 2548 nudabuntmacidu
560 2501 634 2547 mella.
755 2502 791 2546 80

122 2561 199 2612 Pauca
209 2573 283 2612 tamen
295 2566 402 2612 suberunt
411 2567 492 2627 priocae
503 2566 598 2629 vestigia
608 2563 701 2621 fraudis,

123 2625 184 2685 Qun
193 2636 281 2682 tentum
291 2629 382 2683 Thetim
393 2631 483 2691 ratibus,
494 2646 546 2695 quae
557 2631 648 2697 cingere
658 2627 729 2677 muris
