1709 2925
265 169 431 233 luuuiuos
448 169 544 234 mu.
689 175 737 233 'iss

43 313 109 380 Ipsis
120 312 262 380 praecipuos
273 310 403 363 ductoribus
413 304 475 363 addit
484 316 597 373 honores,

42 380 146 429 Victori
159 381 311 442 chlmydem
322 388 429 434 auretam,
440 396 507 443 quam
518 382 615 443 plurima
624 379 708 427 timum

44 446 167 510 Purpura
179 447 299 493 maeandro
309 445 391 507 duplici
402 446 636 504 Meliboeacueurrit3
687 446 732 493 251

45 510 218 574 Intextusque
227 524 285 573 puer
294 509 401 557 frondosi
411 512 488 573 regius
496 509 540 559 Idi

46 575 162 624 Veloces
169 577 250 640 jaculo
261 589 341 622 cervos
352 590 463 637 cursuque
473 575 554 640 fatigat

46 640 125 697 Acer,
135 640 259 690 anhelanti
271 640 382 702 similiuq
382 656 435 687 uem
446 656 534 718 praepes
545 641 572 688 ab
583 638 626 687 lut

47 707 190 755 Sublimem
202 705 296 768 pedibus
306 707 379 768 rapuit
367 657 456 755 quvls
468 707 566 769 armiger
575 707 647 753 uncis.

49 770 180 835 Imngaevi
192 771 279 847 palmes
289 770 438 832 nequidqfflm
449 771 477 818 ad
489 771 561 818 sidera
571 770 666 817 tendunt

52 835 198 892 Custodes;
215 837 325 896 saevitque
335 850 416 882 cauum
427 834 541 883 latratus'
534 850 558 881 m
569 849 643 881 auras.

52 901 90 948 At
102 918 148 962 qm
140 872 244 949 deinde
254 901 329 947 locum
340 901 413 947 tenuit
423 901 508 947 virtute
519 900 649 952 secundum,

53 964 167 1014 levibus
178 965 232 1012 huic
243 965 316 1011 hamis
327 972 455 1012 muscetum
466 980 566 1027 auroque
576 965 672 1011 trilicem

54 1029 179 1087 Loricam,
192 1043 261 1092 quam
273 1029 387 1077 Demoleo
397 1028 525 1079 detraxerat
535 1032 583 1092 ipse
690 1028 739 1074 ‘260

54 1093 145 1144 Victor
155 1096 218 1157 apud
229 1094 330 1156 rapidum
343 1094 461 1145 simoenta
470 1094 511 1143 sub
522 1094 566 1142 llio
577 1094 630 1148 alto,
694 1119 700 1134 ·

57 1157 144 1209 Donat
153 1160 241 1208 habere
251 1160 307 1212 viro.
318 1158 387 1206 decus
398 1167 422 1207 et
433 1167 534 1207 tutamen
544 1162 568 1207 in
580 1159 655 1206 armis.

58 1224 113 1273 Vix
122 1228 186 1274 illam
196 1223 277 1271 famuli
289 1221 395 1287 Phegeus
408 1224 487 1286 Sugurl
514 1240 544 1271 ue
554 1221 654 1270 ferebam

57 1290 228 1355 Multiplicem,
240 1289 332 1336 connixu
325 1289 455 1336 humeris:
475 1289 499 1336 lu
529 1297 567 1336 tus
577 1296 601 1335 at
612 1288 666 1334 olim

56 1352 194 1405 Demoleos
204 1369 272 1402 cursu
282 1354 384 1416 palantes
394 1350 469 1401 Troas
479 1354 567 1417 agebat,

60 1419 143 1471 Tertia
153 1422 217 1469 dona
226 1418 281 1467 iacit
291 1419 396 1483 geminos
407 1432 438 1467 ex
448 1434 493 1468 aere
504 1419 602 1478 lebetam

60 1485 209 1549 cymbiaque
219 1500 233 1532 a
234 1493 315 1597 igneo
325 1485 425 1548 perfectu
435 1493 504 1546 atque
513 1500 592 1548 aspera
602 1482 681 1603 siguis.

59 1550 162 1615 Jamque
173 1552 233 1599 adeo
273 1551 319 1597 uati
330 1565 417 1606 omnes,
428 1553 552 1614 opibusque
562 1549 658 1612 superbi,

62 1615 173 1666 Puniceis
184 1617 249 1663 ibant
259 1615 342 1662 evincti
353 1623 455 1679 tempora
464 1616 546 1673 taenls3

63 1680 124 1731 Cum
137 1697 204 1730 saevo
215 1696 229 1727 e
241 1680 333 1743 scopulo
344 1680 448 1728 multi'
425 1695 465 1728 mx
476 1689 525 1728 arte
535 1677 646 1733 revulsus,
690 1673 740 1723 270

29 1787 32 1800 ,
62 1749 165 1795 Amissis
177 1746 253 1799 remis,
265 1752 333 1806 atque
343 1745 421 1792 ordine
433 1745 510 1793 debilis
521 1760 574 1799 unc

64 1811 189 1860 Irrisam
170 1826 221 1858 sine
231 1811 317 1857 honore
328 1818 398 1858 ratem
411 1809 532 1873 Sergestus
543 1809 632 1871 egebat.

63 1877 148 1931 Qualis
160 1890 223 1938 saepe
234 1876 278 1922 vin
289 1873 427 1938 deprensus'
421 1891 446 1921 m
457 1889 542 1937 aggere
553 1885 654 1946 εειριιιιι,ι

63 1943 138 1990 AErea
149 1955 218 2003 quem
231 1939 344 2001 obliquum
356 1948 407 1988 rota
416 1939 521 1996 tmnslit3
541 1944 580 1985 aut
590 1935 668 1999 gravis
677 1933 724 1982 ictu

65 2008 211 2056 seminecem
221 2004 288 2066 liquit
300 2017 355 2053 saxo
365 2006 511 2065 lacerumque
519 2005 607 2060 viator5

64 2071 228 2133 Nequidquam
239 2070 321 2132 longos
331 2069 423 2133 lugiens
434 2070 472 2117 dat
483 2081 577 2131 corpore
587 2073 669 2126 tortus,

64 2136 136 2185 Parte
146 2136 220 2189 ferox,
232 2133 357 2197 ardensque
367 2136 448 2191 oculis,
459 2142 483 2181 et
493 2133 557 2182 sibila
567 2131 625 2181 colla

65 2203 161 2250 Arduus
173 2199 292 2258 attollens3
311 2213 362 2263 pass
373 2200 467 2247 vulnere
478 2197 557 2247 clauda
568 2204 665 2247 retentat

65 2267 201 2314 Nexantem
212 2263 284 2321 nodls,
296 2280 365 2327 seque
375 2265 399 2313 ln
410 2279 452 2312 sua
461 2267 562 2312 membra
571 2265 708 2327 plicantemz

66 2332 118 2379 Tali
130 2330 228 2393 remigio
238 2329 414 2378 namsseturda
424 2331 546 2388 movebat3
692 2329 741 2375 280

66 2396 129 2444 Vela
138 2394 195 2443 facit
205 2402 290 2452 tamen,
301 2402 325 2443 et
335 2397 392 2444 velis
403 2395 463 2443 subit
473 2397 531 2443 ostia
540 2395 622 2458 plenis.

69 2463 204 2524 Sergestum
216 2457 304 2508 AEneas
314 2462 424 2523 promisso
436 2475 530 2508 munere
540 2460 616 2511 donat,

70 2528 190 2574 Servatum
202 2526 232 2572 ob
240 2537 322 2573 navem
334 2527 401 2573 laetus
412 2527 531 2585 sociosque
542 2523 655 2569 reductos

70 2591 117 2638 Olli
129 2605 196 2638 serva
207 2587 279 2645 datur,
290 2605 383 2654 operum
395 2591 490 2651 haudlg
491 2602 546 2634 nara
556 2582 682 2636 Minerva,

73 2655 157 2707 Cressa
167 2667 242 2719 genus
252 2655 349 2717 Pholoe,
362 2605 495 2719 geminique
506 2652 547 2697 sub
557 2649 626 2710 ubete
634 2645 691 2694 uati.
