1709 2925
106 163 109 168 Δ
147 151 197 196 sss
327 137 494 193 nunnius
510 137 637 191 mvn,

149 270 237 323 Arrini
246 273 332 336 pingui,
344 268 496 335 subiguntque
506 272 530 318 in
541 276 593 318 cote
604 279 698 318 secures
704 286 713 328 3

107 355 111 364 ¹
150 341 265 401 Signaque
275 338 414 399 ferrejuvat,
426 339 557 398 sonitusque
568 336 647 382 audire
657 337 776 383 tubarum.

150 404 257 464 Quinque
267 402 323 449 adeo
333 417 424 465 magnae
435 402 514 464 positis
525 401 644 448 incudibus
655 402 723 448 urbes

148 467 207 516 Tela
218 474 308 523 novant,
322 468 392 514 Atina
402 475 491 529 potens,
500 464 618 526 'libnrque
630 467 763 528 superbum,

149 532 233 587 Ardea,
246 531 437 593 Crustumerique,
450 539 475 578 et
485 532 603 593 turrigerae
613 529 750 577 Antemnae.
775 531 818 575 681

149 596 264 660 Tegmina
274 605 323 645 tuta
333 605 415 644 cavant
425 597 531 658 capitum,
542 595 683 657 flectuntque
694 596 797 658 salignas

150 661 283 709 Umbonum
294 669 381 719 cratem
397 661 435 708 alli
446 662 550 707 thoracas
560 660 639 717 a‘e‘nos,

150 728 201 774 Aut
211 726 274 775 leves
284 742 362 774 ocreas
372 728 435 772 lento
447 726 533 771 ducunt
543 733 657 787 argento;

151 791 259 839 Vomeris
269 793 313 839 huc
322 800 345 839 et
354 791 419 838 salcis
430 791 509 845 honos,
519 791 564 836 huc
575 790 651 837 omnin
662 791 732 837 aratri

151 854 229 905 Cessit
240 873 316 914 amor3
333 864 459 916 recoquunt
469 855 553 917 patrios
563 853 694 901 fornacibus
704 870 780 902 enses·

152 920 255 971 Classica
261 924 353 985 jamque
364 928 460 976 sonant;
478 922 496 966 it
505 919 565 965 bello
576 928 663 966 tessera
673 919 774 981 signum.

122 1001 127 1006 “
152 985 201 1033 Hic
212 987 299 1049 galeam
311 986 376 1033 tectis
387 986 487 1047 trepidus
497 986 572 1046 rapit;
587 984 627 1030 ille
636 983 763 1031 frementes

151 1051 192 1100 Ad
197 1054 256 1114 juga
266 1050 329 1112 cogit
339 1065 422 1111 equos3
440 1050 590 1112 clypeumque
600 1063 702 1110 auroque
714 1050 808 1095 trilicem

152 1113 258 1167 Loricam
269 1116 377 1173 induitur,
388 1115 479 1176 fidoque
488 1114 615 1177 accingitur
625 1129 688 1161 ense.
772 1115 819 1159 640

184 1180 282 1228 Pandite
292 1195 353 1227 nnnc
365 1180 485 1234 Helicona,
496 1178 564 1234 Dese,
575 1186 700 1239 cantusque
711 1187 810 1231 moreto

153 1245 201 1301 om
211 1246 271 1293 bello
282 1246 349 1292 exciti
362 1261 433 1308 reges,
445 1260 496 1306 quae
507 1259 619 1305 quemque
629 1252 717 1291 secutre

154 1309 296 1373 Complirint
306 1326 396 1373 campos
407 1310 467 1357 acies
473 1326 481 1368 ;
498 1309 578 1370 quibus
590 1307 650 1355 ltala
655 1311 704 1372 jam
716 1317 768 1355 tum

153 1374 267 1424 Floruerit
279 1384 338 1423 terra
348 1376 408 1422 alma
418 1376 482 1432 viris,
493 1375 573 1437 quihus
584 1375 664 1421 arserit
676 1375 754 1420 armis.

152 1440 186 1490 Et
195 1441 329 1488 meministin
340 1441 406 1494 eninr.
418 1438 496 1496 Divae,
507 1448 530 1487 et
541 1454 667 1487 memorare
677 1438 786 1503 potestis:

152 1506 191 1555 Ad
202 1522 244 1553 nos
256 1506 294 1552 vix
305 1507 379 1553 tennis
389 1505 457 1552 famae
468 1505 588 1568 perlabitur
598 1520 658 1552 aura.

179 1570 276 1632 [Prinius
287 1571 329 1617 init
339 1571 423 1618 bellum
435 1569 561 1631 Tyrrhenia
571 1586 637 1633 anper
647 1570 676 1617 ab
686 1571 733 1616 oris

122 1654 126 1658 ·
153 1635 289 1687 contemtor
299 1634 388 1682 Divum
401 1635 542 1690 Mezentius,
553 1636 690 1697 agminaque
699 1641 780 1682 mmet.

153 1701 225 1750 Filius
236 1701 288 1749 huic
294 1701 361 1764 juxta
372 1699 469 1755 Lausus,
480 1716 525 1762 qno
535 1700 650 1762 pulchrior
660 1700 717 1746 alter

152 1766 209 1815 Non
219 1766 269 1821 tuit,
280 1773 375 1828 excepto
382 1764 504 1812 Laurentis
515 1780 609 1826 corpore
619 1762 702 1811 Turni.
770 1766 819 1811 650

153 1830 244 1880 Lausus
255 1832 337 1894 eqndm
348 1832 453 1885 domitor,
464 1829 630 1890 debellatorque
639 1829 748 1885 seranum,

153 1896 227 1947 Ducit
238 1893 348 1961 Agyllinri
358 1895 508 1956 nequidquam
519 1909 548 1940 ex
559 1895 614 1941 urbe
625 1901 718 1941 secutos

154 1961 222 2009 Mille
233 1963 308 2020 viros;
325 1962 414 2024 dignus,
424 1961 503 2022 patriis
513 1960 552 2020 qui
562 1959 636 2006 laetior
647 1968 710 2007 esset

153 2024 191 2073 Im
221 2027 266 2081 riis,
278 2036 302 2073 et
312 2028 348 2072 cui
359 2036 423 2088 pater
434 2024 493 2072 haud
504 2024 638 2071 Mezentius
649 2032 718 2072 esset

187 2042 245 2137 libet
254 2092 297 2138 hos
307 2093 420 2154 insignem
431 2088 506 2152 palmi
515 2105 556 2151 per
565 2089 670 2150 gramina
677 2103 777 2143 curnun,

153 2152 305 2216 Victoresque
314 2162 414 2203 ostentat
424 2170 501 2216 equos,
514 2162 575 2201 satus
587 2153 692 2201 Hercule
701 2154 796 2216 pulchro

155 2217 254 2266 Pulcher
265 2220 394 2267 Aventinus
400 2237 408 2276 ς
426 2221 553 2282 clypeoque
562 2219 654 2280 insigne
664 2227 785 2280 paternum

119 2300 124 2311 ⁶
154 2281 254 2334 centum
264 2299 358 2346 angues
373 2286 515 2347 cinctamque
531 2285 591 2346 gerit
607 2284 750 2347 serpentibus
767 2280 820 2344 Hy·

266 2364 327 2395 ram·

53 2418 55 2429 '
155 2413 228 2464 Collis
239 2413 349 2462 Aventini
360 2414 418 2462 silvt
429 2431 497 2475 quem
508 2415 576 2463 Rhea
586 2413 692 2463 sacerdos

154 2479 275 2527 Furtirum
285 2482 350 2541 partu
362 2481 403 2526 sub
413 2480 505 2527 luminis
515 2481 585 2528 edidit
595 2496 653 2535 oras,
772 2481 821 2527 6⁶⁰

154 2544 232 2591 Mixta
243 2543 296 2592 Deo
307 2544 394 2599 mulier,
406 2553 526 2605 postquam
538 2543 661 2592 Laurentia
672 2545 755 2603 victor,

155 2607 265 2667 Geryone
275 2609 396 2666 exstincto,
408 2608 543 2670 Tirynthius
553 2610 630 2672 attigit
640 2625 702 2665 arva,

153 2669 319 2734 Tyrrhenoque
328 2674 399 2722 boses
409 2675 433 2720 in
444 2672 539 2723 flumine
549 2675 606 2723 lavit
616 2672 703 2723 Ibem.
