1709 2925
251 113 417 181 anemos
435 113 536 164 narr.
683 121 731 168 isa

38 247 87 299 Et
100 263 144 303 me,
155 260 226 309 quem
237 245 321 293 dudum
333 261 380 294 non
390 246 436 292 ulla
446 246 527 308 injecta
536 247 659 295 movebant
714 259 717 263 ·

41 310 119 368 Tela,
131 327 208 374 neque
218 312 313 359 adverso
322 312 442 373 glomerati
452 326 482 358 ex
491 312 582 374 agmine
594 313 666 369 Graii,

45 378 129 425 Nunc
139 392 223 430 omnes
233 383 319 423 terrent
330 392 398 428 aurae,
410 391 479 423 sonus
489 378 574 424 excitu
584 378 664 432 omnis,

45 444 207 507 Suspensum,
217 450 243 488 et
252 442 335 503 pariter
345 443 467 501 comitique
478 442 585 503 onerique
595 444 722 491 timentem.

86 507 188 569 Jamque
197 507 372 570 propinquabam
383 507 460 569 portis,
471 521 606 567 omnemque
615 508 706 556 videbar

45 571 167 620 Evasissa
178 572 269 628 vicem,
287 573 359 620 subito
369 587 421 618 cum
433 573 510 619 creber
520 572 549 618 ad
559 588 624 619 aures
681 577 725 621 781

44 637 127 685 Visus
135 639 217 685 adesse
227 637 309 699 pedum
320 638 421 695 sonitus3
434 638 568 699 genitorque
578 653 619 699 per
628 639 730 686 umbram

46 701 210 766 Prospiciens,
234 702 301 757 Nate,
326 703 445 758 exclamat,
466 702 528 764 luge,
545 710 613 760 nate3
636 703 730 766 propin·

170 776 243 824 uant3

48 784 174 880 Ardenteis
185 832 277 895 clypeos
286 840 354 892 atque
365 847 411 878 aera
420 832 527 890 micantia
537 846 613 878 cerno.
644 842 646 847 ⁴

48 895 104 951 Hic
114 899 172 945 mibi
184 897 261 944 nescio
271 898 330 958 quod
339 897 425 958 trepido
436 896 494 944 male
506 911 590 943 numen
600 896 698 944 amicum

49 960 185 1010 Confusam
197 962 277 1023 eripuit
288 971 395 1008 mentem.
429 960 541 1022 Namque,
553 962 603 1008 avia
613 977 681 1009 cursu

48 1022 122 1075 Dum
132 1041 222 1087 sequor.
234 1034 257 1073 et
268 1026 322 1073 notia
331 1026 417 1073 excedo
428 1027 523 1087 regione
531 1026 626 1082 marum,

50 1090 126 1140 Heu!
145 1093 229 1139 misero
241 1093 330 1154 coqjux,
341 1091 419 1139 fatone
429 1099 513 1153 erepta,
525 1090 613 1139 Crebra

50 1158 172 1213 Substitit,
184 1158 295 1203 erravitne
306 1154 349 1209 vid,
361 1171 401 1203 seu
412 1156 472 1203 lassa
482 1157 571 1210 resedit,

51 1219 174 1284 lacertum
184 1240 191 1280 ς
208 1237 250 1268 nec
260 1230 312 1284 post
322 1221 394 1268 oculis
404 1229 440 1268 est
452 1221 537 1268 reddita
548 1221 638 1268 nostris.
677 1224 727 1269 'rto

51 1285 108 1334 Nec
120 1287 184 1349 prius
195 1287 300 1333 amissam
311 1286 406 1348 respexi,
418 1287 547 1333 animumve
557 1285 642 1340 reflexi,

51 1351 133 1406 Quam
144 1352 257 1398 tumulum
268 1352 366 1412 antiquae
378 1348 469 1398 Cereris
479 1351 600 1412 aedemque
610 1359 720 1401 sacratam

49 1415 183 1466 Venimus:
203 1418 239 1464 bic
250 1417 340 1465 demum
351 1416 453 1465 collectis
463 1418 573 1472 omnibus,
585 1433 630 1467 una

50 1481 152 1541 Defuit3
169 1491 194 1530 et
204 1484 304 1537 comites,
316 1491 445 1544 natumque,
456 1484 575 1544 virumque
584 1484 670 1532 fefellit.
722 1515 725 1518 -

52 1547 132 1603 Quem
148 1563 197 1595 non
214 1549 315 1595 incusavi
331 1563 409 1596 amens
425 1550 587 1610 bominumque
607 1548 728 1598 Deorum·

55 1651 58 1657 ,
169 1612 216 1661 ue?
252 1657 254 1661 Α

52 1673 103 1726 llut
114 1629 170 1742 quid
181 1680 205 1725 in
214 1677 296 1726 mered
306 1678 351 1726 vidi
363 1679 476 1727 crudelius
487 1678 559 1728 urbe?

51 1745 187 1806 Ascanbrm,
199 1744 361 1805 Anchisenque
368 1752 462 1806 patrem,
474 1744 620 1803 Teucrosque
630 1741 730 1789 Penates

54 1806 200 1856 Commendo
210 1809 285 1863 sociis,
296 1816 320 1855 et
330 1807 400 1856 curvd
410 1809 470 1855 valle
481 1808 593 1863 recondo,

52 1870 107 1935 Ipse
117 1876 198 1921 urbem
210 1881 295 1935 repeto,
305 1880 328 1920 et
338 1874 419 1935 cingor
428 1873 568 1934 fulgentibus
579 1872 653 1918 umis·

53 1937 104 2002 Stat
115 1954 183 1986 casus
193 1953 303 1986 renovare
314 1953 399 1992 omnes,
411 1951 547 1997 omnemque
558 1936 640 1983 reverti
679 1936 729 1984 750

52 2001 99 2049 Per
109 2001 212 2067 Trojam,
224 2009 248 2049 et
258 2018 335 2052 rursus
346 2010 413 2064 caput
423 2003 535 2064 objectare
545 2001 643 2064 periclis.

52 2066 170 2129 Principio
181 2083 260 2115 muros
270 2070 408 2128 obscuraque
418 2068 496 2113 limina
506 2076 584 2128 portae,

53 2131 107 2187 Qui
117 2148 224 2196 gressum
236 2133 366 2187 extuleram,
377 2140 472 2193 repeto;
489 2140 513 2178 et
523 2132 619 2193 vestigia
629 2138 691 2180 retro

53 2196 181 2246 Observata
192 2214 275 2260 sequor
285 2213 325 2260 per
336 2206 434 2253 noctem,
446 2203 470 2244 et
479 2197 565 2250 lumine
574 2196 653 2244 lustro.

53 2261 145 2316 Horror
156 2264 240 2325 ubique
251 2264 345 2316 animoa.
356 2262 425 2310 simul
434 2264 483 2325 ipsa
493 2263 581 2310 silentia
591 2269 684 2310 terrent.
719 2316 722 2319 ‚

52 2325 111 2378 Inde
122 2329 223 2382 domum,
235 2330 253 2375 si
265 2329 324 2374 l'orte
333 2328 420 2390 pedem,
433 2329 453 2375 si
460 2327 518 2375 sorte
529 2328 624 2383 tulisset,

53 2392 96 2440 Me
107 2392 190 2450 refero.
223 2392 339 2442 Irrusrant
349 2392 434 2449 Danai,
450 2401 474 2440 et
485 2401 569 2446 tectum
581 2406 648 2439 omne
662 2398 728 2437 tane·

53 2519 120 2569 Ilicet
130 2523 192 2585 ignis
203 2524 261 2571 edax
272 2537 360 2574 summa
370 2523 398 2570 ad
408 2522 500 2585 fastigia
510 2529 580 2569 vento

53 2586 161 2650 Volvitur
166 2605 177 2649 ς
192 2597 330 2651 exsuperant
339 2587 452 2647 bammae3
469 2588 525 2644 lurit
535 2592 606 2632 aestm
615 2580 644 2627 td
654 2592 730 2635 ⁸⁸1⁸!-
