1709 2925
235 343 272 409 P.
288 341 504 416 v1nu1L11-
519 341 740 413 Minurus
797 323 803 342 '

261 549 268 572 .
329 481 656 581 uacaur'cbu

346 662 456 715 LIBER
472 664 646 723 QUARTUS.

159 939 290 991 Pomm
301 943 355 991 aerii
366 942 440 989 mellis
451 943 553 990 eoelestia
563 944 623 992 dona

159 1004 287 1068 Exsequar.
316 1007 385 1055 Hanc
396 1008 472 1061 etiam,
483 1007 610 1062 Maeceuas,
621 1009 711 1072 adspice
721 1017 813 1074 partern-

160 1071 301 1122 Admiranda
311 1073 350 1119 tibi
360 1073 446 1119 levium
457 1075 585 1134 spectacula
595 1089 677 1129 rerum,

159 1134 368 1198 Magnanimosque
379 1138 455 1192 duces,
466 1139 580 1199 totiusque
590 1140 670 1186 ordine
679 1141 757 1203 gentis

160 1200 248 1257 Mores,
261 1210 284 1249 et
295 1203 375 1257 studia,
386 1209 410 1249 et
420 1203 521 1265 populos,
534 1211 557 1250 et
568 1204 647 1266 proelia
657 1206 740 1252 dicam.
836 1239 839 1258 .

161 1263 192 1313 In
203 1268 266 1314 tenui
276 1268 351 1315 labor:
371 1274 394 1313 at
405 1268 480 1315 tenuia
491 1283 538 1315 nou
548 1269 636 1330 gloria3
654 1270 672 1316 si
683 1286 753 1331 quem

160 1330 266 1379 Numina
274 1334 334 1381 laera
345 1333 428 1388 sinunt,
440 1333 546 1394 auditque
555 1341 649 1381 vocatus
660 1334 757 1397 Apollo·

196 1396 311 1459 Principio
323 1398 387 1444 sedes
398 1399 475 1459 apibus
487 1400 598 1460 statioque
608 1400 711 1461 petenda,

163 1462 218 1518 Quo
230 1479 303 1524 neque
314 1464 343 1509 sit
354 1464 427 1510 ventis
439 1465 512 1512 aditus
524 1466 588 1527 (nam
599 1466 679 1528 pabula
690 1468 754 1514 venti

163 1527 234 1582 Ferre
250 1528 342 1574 domurn
359 1528 496 1593 prohibent),
512 1545 585 1591 neque
601 1547 656 1578 oves
672 1531 779 1594 haequue
793 1544 826 1592 pe·

262 1593 317 1640 tulci
802 1598 828 1641 10

163 1657 268 1709 floribus
278 1657 394 1713 insultent,
406 1666 446 1706 aut
455 1674 533 1707 errans
542 1662 624 1708 bucula
634 1676 715 1725 cumpo

162 1724 274 1776 Decutiat
285 1739 365 1779 rorem,
377 1734 400 1770 et
408 1732 532 1787 surgentes
542 1733 623 1774 atterat
633 1728 720 1775 herbas.

112 1810 115 1818 ·
164 1791 248 1838 Absint
258 1798 282 1837 et
293 1790 348 1852 picti
360 1789 484 1850 squalentia
495 1798 561 1853 terga
570 1792 648 1839 lacerti

163 1855 291 1919 Pinguibus
302 1870 315 1901 n
326 1855 424 1909 stabulis,
436 1870 590 1918 meropesque,
601 1857 697 1919 aliaeque
706 1858 820 1912 voluerat

163 1919 198 1969 Et
210 1922 311 1968 manibus
322 1919 413 1971 Procne
422 1929 502 1982 peetus
513 1922 603 1983 signata
613 1924 721 1971 carentis.

164 1985 250 2033 Omnia
260 2001 312 2033 nam
323 1986 369 2033 late
379 1993 475 2041 restam,
486 1987 589 2049 ipsasque
600 1987 704 2035 volantes

78 2048 81 2055 '
164 2049 214 2100 Ore
224 2049 301 2097 ferunt
312 2050 400 2097 dulcem
412 2051 471 2097 nidis
481 2052 604 2100 immitibus
614 2066 698 2099 esem

165 2114 200 2163 At
209 2114 288 2175 liquidi
297 2114 373 2161 sontes
384 2121 408 2162 et
418 2122 501 2177 stagna
510 2117 607 2164 virentia
616 2132 696 2166 musco

166 2179 259 2236 Adsint,
271 2186 295 2227 et
303 2180 386 2233 *tenuia
396 2177 488 2242 lugiens
498 2197 539 2243 per
548 2182 658 2244 gramina,
670 2184 750 2242 rivus;

166 2244 291 2305 Palmaque
301 2244 436 2291 vestibulum
449 2253 488 2292 aut
498 2248 581 2308 ingens
592 2248 688 2295 oleaster
698 2248 820 2302 inumbretr

166 2308 210 2364 Ut.
221 2323 273 2356 cum
284 2309 357 2370 prima
366 2310 421 2357 nori
432 2311 515 2358 ducent
525 2314 630 2361 examina
640 2328 708 2375 reges
801 2311 824 2362 21

166 2373 230 2422 Vere
241 2389 289 2428 suo,
300 2373 407 2434 ludetque
417 2374 476 2422 lavis
487 2377 693 2440 emissajuventus,

165 2439 251 2487 Vicina
261 2439 343 2486 invitet
353 2439 461 2487 decedere
471 2441 519 2504 ripa
530 2443 615 2501 calori;

166 2505 286 2566 Obviaque
296 2504 399 2566 hospitiis
410 2512 486 2552 teneat
496 2506 653 2556 frondentibus
663 2510 739 2557 arbos.

164 2568 195 2618 In
207 2569 315 2627 medium,
327 2584 368 2616 seu
378 2570 446 2617 stabit
455 2572 522 2626 iners,
535 2589 575 2621 seu
585 2571 683 2636 profluet
692 2575 783 2634 humor,

165 2633 318 2684 Transversas
329 2633 407 2682 salices
418 2642 442 2682 et
451 2637 546 2699 grandia
555 2640 643 2703 conjice
653 2653 722 2698 saxa3

121 2724 128 2741 x
166 2699 277 2757 Pontibus
288 2708 314 2750 ut
325 2700 408 2757 crebris
417 2703 507 2764 possim
517 2705 647 2764 consistere,
658 2713 682 2754 et
692 2705 742 2754 alas
