1709 2925
227 153 232 158 -
269 120 434 176 nunrnos
450 103 563 175 nnis.
702 136 750 184 27,

75 256 141 322 reu
150 255 213 310 mihi,
223 254 284 302 ferro
294 256 423 303 sceleratam
434 249 564 303 exscindere
574 262 674 317 gentem,

78 317 190 386 conjuge
199 319 324 383 prrerepti3
341 335 384 367 nec
395 320 456 367 solos
466 320 539 382 tangit
550 321 643 369 Atridas
728 315 733 322 ’

78 386 130 435 lste
141 388 215 443 dolor,
226 385 324 445 solisque
333 385 387 432 licet
396 400 476 446 capere
486 400 548 432 anns
558 385 673 447 Mycenis.

79 453 127 501 sed
137 452 231 515 periisse
242 449 312 496 semel
323 451 376 496 satis
387 457 428 496 est
462 449 560 497 Peccsre
569 450 649 499 fuisset
701 455 749 501 140

77 519 144 564 Ante
155 516 216 569 sutis,
227 515 316 577 penitus
326 514 393 561 modo
404 529 451 560 non
462 530 535 575 genus
545 530 613 564 omne
622 532 717 578 perosos

78 581 223 629 Femineum.
257 579 345 633 Quibus
355 579 404 626 bsec
414 579 483 625 medii
494 579 574 626 fiducia
585 582 643 638 valli,

77 645 249 706 Fossarurnque
259 657 336 697 morae,
346 644 386 691 leti
396 644 524 690 discrimina
534 660 609 706 purus,

76 710 146 759 Dtnt
159 711 252 757 animos.
286 710 319 755 At
329 722 375 755 non
385 708 490 756 viderunt
500 710 585 756 moenis
594 710 672 773 Trojae

76 775 184 837 Neptuni
194 773 299 821 fabricata
309 788 377 820 manu
387 773 505 820 considere
514 774 537 819 in
549 774 632 834 ignes?
729 787 732 798 ’

77 840 125 889 Sed
135 856 185 895 vos,
197 839 282 893 electi,
293 838 353 886 ferro
362 839 414 899 quis
424 838 526 885 scindere
536 838 619 885 vallum

75 907 188 968 Apparat,
200 910 224 950 et
233 917 323 950 meeum
333 903 420 950 invadit
428 902 562 964 trepidantia
572 902 662 952 castra?
675 918 678 924 ’
731 903 734 914 ’

77 970 135 1018 Nou
147 969 216 1016 armis
226 968 281 1014 mihi
292 965 397 1022 Vulcani,
408 984 455 1014 non
466 968 528 1014 mille
537 969 620 1017 carinis

75 1034 124 1084 Est
135 1049 193 1097 opus
203 1033 226 1080 in
238 1032 347 1080 Teucros.
378 1032 472 1081 Addunt
482 1047 507 1080 se
516 1035 619 1095 protinus
630 1050 710 1083 omues
769 1027 772 1033 ’

75 1099 173 1151 Etrusci
185 1098 266 1146 socios.
296 1096 412 1144 Tenebras
421 1104 446 1144 et
455 1098 535 1144 inertis
543 1098 605 1147 furta
699 1104 749 1149 150

77 1165 194 1228 [Palladii
205 1163 271 1210 caesis
281 1176 376 1228 summae
386 1163 516 1209 custodibus
526 1164 593 1224 arcis]

75 1230 118 1277 Ne
128 1231 224 1276 timeant
230 1245 237 1288 ;
253 1242 296 1274 nec
306 1227 358 1288 equi
368 1224 430 1273 caeci
440 1226 562 1275 condemur
571 1230 595 1275 in
606 1230 672 1279 alvo:
726 1229 729 1230 ⁷

74 1295 150 1349 Luce,
161 1294 243 1357 palem,
254 1300 339 1340 certum
350 1301 385 1339 est
395 1292 444 1355 igni
455 1293 593 1340 circumdare
602 1309 687 1343 muros.

75 1360 150 1407 Haud
161 1359 202 1405 sibi
213 1369 264 1404 cum
276 1355 365 1405 Densis
373 1372 427 1413 rem,
439 1356 498 1412 fuxo,
511 1364 534 1404 et
544 1359 603 1419 pube
614 1358 711 1423 Pelusgd

73 1419 137 1477 E'sse
146 1430 232 1487 putent,
240 1424 350 1471 decimum
360 1437 417 1484 quos
428 1422 515 1470 distulit
523 1421 613 1472 Hector
623 1425 647 1473 in
654 1440 746 1475 sunum.

73 1491 149 1539 Nun'e
160 1490 222 1544 odeo,
234 1489 314 1536 melior
324 1489 428 1549 quonism
440 1503 491 1551 pers
499 1497 550 1536 acts
560 1490 610 1546 diei,

76 1556 149 1611 Quod
160 1560 267 1616 superest,
277 1553 325 1601 laeti
335 1555 392 1600 bene
402 1555 474 1616 gestis
484 1569 578 1616 corporo
587 1556 654 1603 rebus

73 1620 209 1674 Procurate,
221 1619 281 1675 viri;
296 1626 320 1665 et
330 1633 429 1680 pugnum
441 1627 529 1682 sperate
539 1621 617 1680 parati.
632 1634 635 1639 ¹

74 1685 170 1733 Interea
180 1684 279 1746 vigilum*
286 1683 385 1730 excubiis
395 1684 497 1731 obsidere
509 1691 585 1746 portos

75 1749 141 1800 Cura
152 1751 217 1797 datur
227 1747 343 1811 Messapo,
351 1755 376 1795 et
385 1749 470 1795 moenia
480 1749 572 1809 cingere
582 1746 686 1797 flammis.
701 1764 703 1767 ·

74 1815 119 1864 Bis
130 1822 224 1878 septem,
236 1813 323 1861 Rutulo
330 1828 408 1860 muros
418 1814 457 1873 qui
468 1813 539 1859 milite
549 1821 647 1867 servent,
697 1818 741 1862 161

73 1881 185 1931 Delecti:
205 1886 240 1925 nst
249 1879 301 1927 illos
311 1879 400 1926 centeni
411 1892 524 1937 quemque
535 1886 659 1937 sequuntur

74 1945 189 2007 Purpurei
201 1944 274 1991 cristis
284 1946 382 2006 juvenes
393 1954 493 2003 auroque
503 1943 602 1988 corusci·
726 1943 729 1947 ’

73 2011 223 2064 Discurrunt,
235 2010 366 2070 variantque
377 2008 446 2063 vices,
456 2006 546 2068 fusique
555 2021 595 2067 pet
605 2007 696 2055 herbum

73 2075 202 2137 Indulgent
211 2073 272 2128 vino,
284 2082 308 2120 et
316 2079 409 2121 vertunt
419 2079 519 2118 crateres
529 2072 605 2120 sinos.

76 2136 200 2190 collucent
210 2140 289 2200 ignes:
309 2145 404 2185 noctem·
411 2137 513 2184 custodis
522 2137 586 2184 ducit

74 2204 209 2255 Iusornnem
219 2205 281 2250 ludo.

109 2269 172 2317 Haec
183 2284 272 2330 supere
283 2268 343 2315 vallo
353 2265 589 2330 prospectantTroiis,
600 2275 624 2316 et
634 2271 702 2317 armIs

75 2335 133 2384 Alta
143 2341 237 2391 tenent;
255 2349 343 2380 necnon
353 2334 434 2394 trepidi
444 2333 563 2380 formidine
574 2343 649 2395 portes
697 2339 745 2383 169

75 2399 212 2461 Explorunt,
224 2409 348 2460 pontesque
358 2405 382 2444 et
391 2398 560 2460 propugnacula
570 2401 689 2461 junguut3

76 2464 135 2513 Tela
145 2471 236 2526 gerunt.
268 2461 359 2510 Instant
369 2462 506 2510 Mnestheus
516 2477 613 2522 acerque
624 2462 743 2523 sennan

76 2529 144 2584 Quos
154 2524 218 2591 p'ntet
228 2527 324 2586 AEneas,
336 2529 355 2574 si
365 2529 454 2588 quondo
464 2528 559 2575 adversa
569 2534 683 2580 vocarent,

75 2592 306 2659 unsrequvenun
317 2593 559 2644 etrernm‘dedit'esse
568 2590 696 2653 magistros.
723 2590 725 2593 ’
