1709 2925
152 127 186 173 74
329 107 650 190 &absumamus

154 252 216 303 Cum
227 249 306 315 positis
316 261 390 295 novus
401 243 490 292 exuviis
501 239 736 304 nitidusquejuvenld

154 318 270 369 Volvitur,
282 320 327 369 aut,
339 310 425 358 catulos
436 308 502 355 tectis
513 314 553 354 aut
563 321 607 354 ova
617 306 755 367 relinquens,

155 384 248 434 Arduus
258 380 288 427 sd
298 378 369 425 solem
380 381 404 422 et
413 373 499 437 linguis
509 372 579 418 micat
589 386 630 419 ora
640 372 747 419 trisulcis.

188 447 322 495 Morborum
333 455 423 503 quoque
435 446 458 486 te
468 453 547 485 causas
557 443 582 483 et
591 436 659 499 signa
668 436 763 485 docebo.

155 513 239 574 Turpis
250 524 305 557 oves
316 513 389 554 tentet
399 504 491 559 scabies,
503 503 541 549 ubi
550 501 647 564 frigidus
658 502 730 550 imber
778 504 825 549 441

155 578 234 627 Altius
245 574 361 623 advirum
372 569 478 634 persedit,
490 576 513 615 et
523 568 614 615 horrida
623 582 681 614 cano

155 644 243 693 Bruma
252 640 320 704 gelu3
338 637 375 684 vel
386 650 440 682 cum
450 633 522 681 tonsis
533 633 610 680 illotus
621 633 717 680 adhaesit

157 709 239 762 Sudor,
250 714 274 753 et
283 703 363 751 hirsuti
374 708 495 749 secuerunt
505 713 601 760 corpore
610 713 699 760 vepres.

155 773 270 822 Dulcibus
281 770 364 832 idcirco
375 766 451 814 fluviis
461 780 530 827 pecus
540 778 609 811 omne
619 762 723 824 magistri

157 838 307 892 Perfunduut,
318 834 413 894 udisque
423 832 482 878 aries
492 831 516 882 in
526 829 620 892 gurgite
629 829 689 875 villis

157 905 283 960 Mereatur,
294 900 421 959 missusque
431 895 531 944 mundo
542 893 622 941 defluit
632 894 709 951 smni;

157 971 208 1018 Aut
219 976 310 1015 tonsum
321 963 379 1025 birli
390 962 527 1023 contingunt
537 975 618 1022 corpus
628 956 727 1013 amurci,

157 1035 192 1084 Et
203 1047 293 1095 spumas
304 1029 400 1076 miscent
410 1026 506 1089 argenti,
517 1026 614 1085 vivaque
624 1023 718 1079 sulfure,

158 1098 278 1158 Idaeasque
288 1095 355 1158 pices,
367 1100 391 1139 et
401 1093 498 1155 pingues
509 1091 610 1153 unguine
620 1103 693 1146 ceros,
782 1092 830 1136 450

159 1165 303 1223 scillamque,
308 1159 479 1219 helleborosque
484 1171 574 1219 graves,
579 1156 715 1217 nigrumque
721 1153 828 1200 bitumen

158 1229 216 1277 Non
227 1236 304 1275 tranen
315 1225 361 1272 ulls
371 1223 446 1285 megis
455 1235 556 1284 praesens
566 1219 658 1267 fortune
667 1219 771 1266 laborum
783 1227 822 1274 est,

160 1296 237 1351 Qum
248 1294 268 1341 si
279 1292 330 1354 quis
340 1289 401 1337 ferro
408 1288 483 1351 potnit
493 1285 621 1334 rescindere
632 1299 747 1333 summum

160 1360 252 1408 Ulceris
262 1373 296 1405 os.
320 1356 398 1403 Alitur
407 1354 495 1407 viuum,
506 1352 609 1413 vivitque
618 1349 734 1413 tegend03

97 1447 100 1452 ¹
159 1424 226 1474 Duru
237 1423 335 1470 medices
345 1420 450 1468 adbibere
460 1433 540 1466 manus
550 1418 580 1465 ad
589 1415 684 1465 vulnera
693 1423 773 1478 pastor

161 1491 275 1552 Abnegat,
287 1494 327 1534 sut
337 1486 431 1534 meliora
441 1482 507 1531 Deos
518 1483 582 1531 sedet
592 1482 669 1530 omina
678 1496 786 1543 macons.

161 1557 224 1611 Quin
235 1555 312 1610 etiarm
323 1552 369 1599 ima
379 1551 444 1598 dolor
453 1549 569 1597 balantum
579 1549 656 1611 lapsus
666 1547 696 1594 ad
705 1561 759 1594 ossa

161 1619 222 1671 Cum
233 1619 294 1681 ¹furit,
306 1624 373 1679 etque
384 1621 446 1663 artus
456 1615 585 1676 deposcimur
595 1613 657 1661 arida
665 1611 744 1667 febris,

160 1685 251 1736 Profuit
260 1685 367 1730 incensos
378 1686 448 1729 aestus
458 1687 567 1743 averrere,
578 1687 602 1726 et
611 1679 673 1725 inter

109 1806 113 1810 ,
160 1752 212 1801 Ima
222 1750 290 1797 ferire
300 1747 363 1810 pedis
374 1746 491 1794 salientem
502 1744 612 1807 sanguine
623 1757 706 1790 venum
712 1758 721 1801 ς
782 1745 829 1790 460

159 1817 256 1873 Bisoltae
266 1830 312 1877 quo
322 1827 386 1860 more
397 1811 478 1866 solent,
489 1824 585 1871 acerque
596 1808 707 1863 Gelonus,

156 1882 223 1935 Cum
233 1881 294 1944 fugit
304 1880 329 1926 in
339 1877 475 1939 Rhodopen,
486 1876 588 1936 usquein
598 1875 687 1921 deserta
694 1873 815 1931 Getarum,

129 1987 133 1993 .
159 1949 194 2001 Et
204 1949 240 1994 lac
252 1951 382 1994 concretum
393 1957 447 1990 cum
457 1941 568 2003 sanguine
577 1946 641 2002 potat
651 1939 744 2000 equino.

194 2012 271 2066 Quam
281 2009 360 2072 procrd
371 2015 410 2056 sut
419 2006 484 2055 molli
494 2006 614 2053 succedere
625 2005 709 2066 sepius
720 2004 806 2051 umbrae

159 2077 260 2130 Videris,
268 2082 308 2122 sut
316 2088 415 2122 summus
422 2078 552 2135 carpentem
559 2070 665 2134 ignavius
672 2070 762 2125 herbas,

160 2143 340 2201 Extremumque
351 2139 421 2200 sequi,
432 2147 471 2185 sut
481 2136 556 2184 medio
568 2135 715 2199 procumbere
725 2150 805 2197 cumpo

160 2208 306 2262 Pascentem,
315 2212 342 2251 et
352 2219 410 2252 serae
421 2203 491 2250 solam
503 2202 611 2250 decedere
621 2200 698 2258 nocti3

161 2272 278 2323 Continuo
286 2269 375 2333 culpem
385 2267 446 2317 ferro
457 2267 655 2330 compesceprius
665 2280 737 2327 quem

160 2338 221 2386 Dira
231 2352 271 2398 per
281 2337 397 2383 incautum
409 2340 500 2396 serpant
510 2334 616 2396 contagia
625 2331 719 2394 vulgus.
784 2332 830 2377 469

158 2403 218 2451 Non
229 2412 275 2450 tam
286 2403 370 2458 creber,
382 2415 454 2463 agens
465 2399 568 2455 hiemem,
580 2399 626 2445 ruit
637 2412 731 2458 aequore
741 2396 812 2451 bubo,

161 2469 238 2524 Quam
251 2468 329 2516 multe
339 2464 451 2530 pecudum
462 2472 545 2526 pestes.
564 2463 622 2510 vNec
632 2462 726 2524 singula
735 2463 807 2510 morbi

161 2533 264 2597 Corpora
275 2532 413 2595 corripiuut3
430 2531 470 2578 sed
480 2537 530 2577 tots
540 2530 621 2577 aestivs
630 2535 736 2590 repente,

161 2600 276 2663 Spemque
291 2611 433 2712 gtregemqus
448 2596 523 2659 surm,
539 2601 691 2657 cuneumque
703 2596 735 2644 ab
747 2592 830 2658 origine

257 2678 303 2727 gen
314 2677 361 2714 emo
