1709 2925
113 155 161 202 164
299 150 464 202 AENRIDOS
481 151 535 200 Lm.
545 152 592 203 lv.

113 281 216 337 Femina,
227 294 280 342 qum
290 283 373 329 nontin
383 297 463 331 emm
471 283 497 330 in
506 282 588 331 tinibus
598 284 679 333 urbem
734 291 782 337 211

112 347 230 408 Exiguam
240 346 312 407 pretio
321 348 403 408 potuit,
416 349 453 395 cui
463 349 517 395 litua
527 350 643 405 arandum,
678 388 682 398 .
763 344 767 361 ‘

114 411 204 471 Cuique
214 411 258 458 loci
268 411 331 473 tege·
342 412 452 469 dediniua,
462 415 574 461 connubia
583 422 663 463 nostra

113 475 229 538 Reppulit,
240 491 267 522 ac
276 476 393 524 dominum
404 478 497 526 AEnean
506 479 530 525 in
541 494 613 541 tegna
622 481 718 546 recepit.

113 540 148 589 Et
159 555 218 588 nunc
229 540 267 588 ille
277 541 349 598 Panis,
361 559 412 589 cum
424 545 531 590 semiviro
541 545 658 601 comitatu,

114 603 218 654 Maeonid
228 614 330 654 mentum
341 607 408 654 mitri
417 609 547 669 crinemque
557 610 687 658 madentem

115 670 236 727 subnixus,
248 680 312 735 rapto
323 673 420 734 potitore
440 689 483 721 noo
492 689 586 721 munera
595 676 688 736 templis

116 735 207 799 Quippe
218 736 263 784 tuia
274 737 374 791 ferimus,
384 737 512 800 famamque
522 738 626 787 fovemus
636 740 739 791 inanem.

103 852 105 859 ¹
147 800 242 849 Talibus
253 809 354 850 orantem
365 803 438 856 dictio,
449 818 544 864 maeque
554 812 679 863 tenentem,

115 865 197 913 Audiit
207 866 363 930 Omnipotens,
374 867 497 929 oeulotque
507 869 536 915 ad
545 869 630 916 moenia
639 871 709 919 tersit
737 876 788 920 220

115 929 198 994 Regia,
209 941 233 980 et
243 933 324 979 oblitoa
334 933 401 980 famae
411 934 511 981 melioria
521 941 629 981 amantea.

115 995 177 1043 Tum
189 998 221 1045 uic
232 997 372 1045 Mercurium
383 998 512 1059 alloquitur,
523 1014 549 1045 ac
559 999 614 1047 talia
623 1002 733 1050 manduit

115 1059 182 1108 Vade
192 1077 242 1124 age,
254 1070 312 1118 nate,
323 1078 381 1109 voca
391 1063 515 1125 Zephyros,
526 1071 550 1111 et
559 1064 634 1112 latero
644 1068 745 1127 pennio3

115 1124 301 1188 Dardaniumque
311 1128 398 1183 ducem,
410 1127 482 1189 Tyrii
492 1128 633 1191 Carthagine
642 1134 682 1191 qui
693 1146 758 1181 nunc
774 1147 777 1155 ’

116 1189 249 1253 Exspectat,
260 1193 355 1254 latioque
365 1194 429 1241 datas
440 1209 487 1241 non
497 1194 589 1256 respicit
597 1195 672 1250 urbeo,

117 1255 248 1317 Alloquere,
259 1265 283 1307 et
293 1258 379 1305 celeret
388 1258 450 1305 defer
460 1274 511 1306 mea
520 1260 580 1306 dieta
590 1275 631 1321 per
641 1273 717 1310 auras.

117 1318 173 1368 Non
185 1322 247 1369 illum
259 1324 323 1370 nobia
333 1324 433 1384 genitrix
443 1324 592 1386 pulcherrima
601 1325 672 1373 talem
768 1352 771 1356 ·

118 1385 233 1442 Promisit,
245 1388 386 1448 Graiumque
395 1388 447 1436 ideo
456 1390 490 1436 bia
500 1388 600 1436 vindicat
608 1391 693 1438 armine

119 1450 164 1499 Sed
174 1451 231 1508 fore,
241 1453 279 1513 qui
290 1454 406 1515 gravidam
416 1454 515 1517 imperiis
525 1455 629 1516 belloque
638 1455 777 1505 frementem

118 1514 207 1564 Italiam
219 1526 314 1580 regeret,
325 1533 399 1580 genua
410 1520 457 1567 alto
468 1521 601 1582 asanguine
611 1519 699 1570 Teucri
739 1529 787 1571 ⁶230

118 1581 235 1637 Proderet,
247 1598 273 1630 ac
285 1590 358 1630 totum
369 1585 410 1631 aub
420 1585 485 1646 lcges
495 1587 595 1632 mitteret
604 1585 692 1634 orbem.

118 1648 143 1695 Si
154 1648 216 1695 nulla
226 1648 328 1695 accendit
337 1655 450 1696 tantarum
461 1650 535 1711 gloria
543 1666 625 1707 rerum,

117 1713 170 1760 Nec
181 1728 249 1775 super
258 1714 306 1776 ipae
317 1713 357 1761 sui
367 1715 460 1762 molitur
469 1716 535 1763 laude
544 1715 658 1774 laborem

119 1778 250 1826 Ascanione
260 1787 324 1842 pater
333 1779 452 1827 Romanas
462 1781 550 1828 invidet
559 1781 640 1828 arca?

120 1843 183 1897 Quid
194 1844 276 1892 attuit?
293 1853 332 1892 aut
342 1844 387 1906 qui
398 1860 438 1907 ape
447 1843 539 1892 inimici
548 1846 573 1892 in
585 1854 656 1908 gente
667 1848 783 1897 moramr?

118 1906 171 1955 Nec
181 1911 266 1971 prolem
278 1911 403 1958 Ausoniam
415 1917 439 1956 et
449 1908 546 1957 Lavinia
557 1911 647 1973 respicit
657 1914 731 1961 unua?

119 1972 230 2035 Naviget.
258 1975 319 2022 Haec
331 1989 418 2022 summa
428 1981 477 2032 eat3
496 1976 533 2022 hic
544 1978 615 2022 nonn’
626 1979 721 2027 nuntius
732 1987 786 2029 estc.

151 2037 258 2086 Dixerat.
284 2038 329 2087 Ille
338 2041 414 2088 Patria
423 2040 501 2103 magni
511 2056 590 2102 parere
600 2042 693 2103 partlm

120 2101 232 2164 Imperio:
252 2113 275 2152 et
285 2107 381 2166 primurn
392 2107 485 2167 pedibus
496 2106 574 2153 talaria
584 2107 654 2154 nectit

120 2167 203 2222 Aurea,
215 2183 267 2229 qum
278 2171 394 2218 sublimem
406 2171 456 2229 alia,
468 2172 517 2218 aive
527 2186 619 2231 aequom
629 2187 707 2233 supra,
740 2177 786 2223 240

121 2233 167 2280 Seu
178 2240 268 2288 ternam,
280 2236 357 2295 rapido
367 2237 451 2298 pariter
461 2252 513 2283 cum
525 2236 615 2284 flamine
624 2245 726 2299 portant.

120 2296 182 2344 Tum
192 2298 280 2360 virgam
292 2300 364 2361 capit:
384 2301 426 2348 hac
436 2303 524 2349 animae
534 2301 572 2349 iile
582 2308 664 2349 evocat
673 2302 738 2352 Orco

120 2362 250 2419 Pudentem
267 2363 321 2411 aliua
332 2365 373 2412 tub
383 2364 480 2414 Tartara
488 2367 562 2413 trictin
570 2367 641 2413 mittit
645 2384 654 2425 ς

120 2427 170 2474 Dat
182 2441 273 2476 somnne
284 2429 411 2490 adimitque,
423 2438 447 2477 et
456 2431 542 2478 lumina
552 2439 625 2478 morte
635 2433 745 2496 resignat

120 2491 165 2538 Illi
175 2492 246 2541 fretus
256 2493 305 2556 agit
314 2501 402 2550 uentos,
413 2504 438 2542 et
447 2496 536 2543 tutbida
544 2503 619 2543 tranat

121 2555 213 2603 Nubila.
238 2556 336 2619 Jamque
343 2560 422 2606 volana
433 2563 518 2623 apicem
529 2568 553 2607 et
559 2561 630 2609 lutera
636 2561 708 2610 ardun
718 2565 784 2611 cernit

122 2620 222 2669 Atlantia
232 2623 289 2680 duni,
300 2624 383 2672 coelum
394 2625 433 2686 qui
443 2626 529 2675 vertice
537 2624 617 2683 luicit3
