1709 2925
145 119 195 165 980
332 113 498 165 AEumnos
514 113 568 188 Lm.
578 111 626 164 IX.

143 244 253 306 Euryale,
264 246 390 294 audendum
401 245 487 293 dextri.
519 245 607 293 Nune
600 262 650 309 apsa
659 256 732 297 vocat
743 265 789 298 rea.
851 277 853 316 r

146 310 216 358 Hae'
210 319 253 358 rter
263 318 305 357 est·
336 310 381 367 Tu,
393 327 424 357 ne
433 327 477 372 qua
487 326 567 358 manus
578 327 605 359 se
614 314 724 362 attollere
734 318 800 364 nohis

143 379 168 434 A
179 383 244 437 tergo
253 376 331 438 possit,
342 377 437 431 custodi,
449 384 472 423 et
481 377 576 424 consule
584 377 663 440 longe.

144 429 205 487 Haec
215 456 260 502 ego
270 447 335 488 vasta
345 442 409 496 dabo,
420 449 446 489 et
454 442 501 489 lato
512 449 535 489 te
544 442 617 489 limite
628 444 720 491 ducam.

82 523 87 534 u
144 504 182 552 Sic
197 514 313 561 memorat,
325 522 449 568 vocemque
465 508 562 571 premit;
579 509 648 554 simul
663 525 722 556 ense
737 525 814 574 super·

239 572 292 618 bum

144 632 296 683 Rhamnetem
307 637 447 700 aggreditur,
458 651 496 697 qur
490 635 567 684 'forte
577 638 695 699 tapetrlms
701 639 754 686 altis
853 679 854 684 ,

142 698 281 749 Exstruetus
292 709 341 749 toto
351 701 461 763 proflabat
471 709 563 779 pectore
573 717 696 761 somnum

142 764 197 812 Rex
207 767 273 824 idem,
282 775 306 814 et
316 768 365 844 regi
375 766 455 813 Turno
465 767 609 829 gratissimus
618 782 707 830 augur·

148 831 195 878 Sed
206 847 252 879 non
263 834 358 894 augurio
371 834 445 895 potuit
455 831 566 908 depellere
576 840 672 895 pestem.

145 894 221 945 Tres
211 904 278 960 Juxta
288 897 385 944 famulos
395 905 481 944 temere
491 898 551 944 inter
558 898 620 944 tela
609 904 723 960 jacentes,
765 903 811 948 8⁴29

142 961 334 1025 Armigerumque
345 961 414 1009 Remi
424 963 512 1025 premit,
524 964 673 1025 aurigamque
683 964 744 1010 sub'
737 965 790 1027 ipsis

144 1026 233 1074 Nactus
244 1028 322 1088 equis;
338 1027 444 1088 ferroque
457 1035 518 1074 secat
528 1028 648 1090 pendentia
659 1028 733 1087 eolla3

143 1090 205 1138 Turn
215 1092 299 1153 eaput
292 1106 335 1153 rpsr
328 1091 420 1139 aufert
430 1092 529 1148 domino,
540 1100 692 1154 truncumque
702 1063 807 1156 relinquit

144 1156 262 1218 Sanguine
271 1157 451 1218 singultantem
468 1164 518 1205 atro
528 1157 640 1220 tepefacta
649 1174 732 1206 cruore

144 1219 217 1268 Terra
233 1222 321 1284 torique
337 1223 437 1270 madent.
469 1222 569 1270 Necnon
583 1221 757 1286 Lamyrumque
768 1223 812 1271 La·

239 1302 354 1347 mumque,

143 1350 199 1401 Et
188 1367 298 1415 Juvenem
310 1352 439 1408 Sarranum,
450 1349 490 1398 ina
499 1366 538 1412 qur
531 1351 644 1415 plurima
654 1360 726 1401 noete

144 1415 265 1473 Luserat,
259 1417 355 1481 rnsignis
365 1415 429 1475 facie,
440 1417 557 1495 multoque
562 1417 653 1479 jacebat

141 1481 247 1531 Membra
258 1480 312 1530 Deo
323 1483 414 1541 vietus3
430 1482 523 1536 felix,
505 1498 525 1530 sa
535 1490 644 1547 protenus
651 1483 717 1531 illurn

143 1547 191 1610 AEq
192 1546 267 1594 uisset
278 1548 339 1595 nocti
350 1548 454 1604 ludums
448 1563 472 1595 rn
482 1548 601 1609 lucemque
611 1549 710 1597 tulisset.

142 1611 258 1675 Impastus
269 1627 310 1662 eeu
321 1613 388 1677 plena
397 1614 435 1662 leo
446 1612 563 1675 perutilia
574 1613 667 1660 turbans
765 1619 809 1665 8³2

143 1679 241 1743 (Suadet
251 1679 312 1726 enirn
322 1694 407 1727 resana
415 1677 499 1739 sames)
512 1678 643 1740 manditque
652 1679 767 1742 trahitque

141 1745 217 1794 Molle
226 1759 294 1822 pecm
305 1751 439 1806 mutumque
449 1751 527 1801 metu;
543 1742 619 1790 fremit
628 1759 669 1790 ore
680 1753 782 1793 cruento·

142 1810 196 1858 Nee
206 1811 281 1856 minor
291 1808 387 1872 Euryali
398 1810 486 1856 eoedes:
506 1810 612 1856 incensus
623 1816 647 1855 et
657 1810 707 1870 ipse

143 1874 260 1932 Periurit3
277 1889 303 1921 aa
314 1875 426 1922 multam
418 1889 444 1920 rn
454 1874 558 1921 medio
540 1889 589 1921 srne
599 1875 693 1922 nomine
702 1874 795 1937 plebem,

142 1938 281 2002 Fadumque,
298 1939 473 2001 Herbesumque
489 1940 556 1997 subit,
573 1939 740 2002 Rhoetumque,
750 1941 808 1988 Aba·

238 2019 333 2064 nmque,

142 2067 252 2132 Ignarum
271 2068 383 2118 Rhoetum
390 2069 529 2133 vigilantem,
540 2074 564 2117 et
574 2075 657 2117 cuncta
666 2069 794 2127 videntem

142 2133 188 2180 Sed
199 2148 308 2209 magnum
319 2143 424 2182 metuens
435 2150 460 2182 se
470 2143 523 2197 post
532 2141 619 2181 cratera
629 2135 737 2196 tegedum

141 2197 255 2245 Pectore
249 2213 273 2244 ua
283 2199 379 2246 adverso
391 2207 463 2247 totum
475 2201 511 2246 cui
522 2200 648 2246 cummium
658 2215 738 2247 ensem

140 2260 249 2310 Condidit
260 2266 394 2326 assurgenti,
405 2273 429 2311 et
440 2264 512 2312 multa
522 2271 596 2311 morte
605 2265 699 2326 recepit.

142 2325 282 2390 Purpuream
302 2329 375 2376 vomit
396 2329 435 2377 ille
458 2330 563 2385 animam,
580 2336 604 2376 et
625 2344 679 2376 cum
701 2329 808 2392 sanguina

237 2392 309 2440 mixta
762 2397 807 2441 849

140 2456 203 2503 Vina
212 2456 281 2503 refert
291 2458 398 2505 moriens.
431 2457 479 2506 Hic
489 2458 550 2505 furto
561 2456 678 2505 fervidus
671 2464 748 2515 nster,

141 2520 239 2580 Jamque
250 2522 278 2568 ad
289 2522 390 2583 Messapi
402 2524 476 2569 socios
486 2523 603 2580 tendebam
621 2523 676 2569 ubi
668 2537 749 2585 rgnem

143 2582 250 2634 Deficere
260 2592 393 2643 extremum,
405 2593 428 2633 et
439 2587 547 2649 religatos
556 2588 601 2663 rite
610 2587 702 2636 videbat
