1709 2925
261 125 427 178 AEumnos
445 126 557 178 mel.
694 137 743 181 ses

57 261 126 310 Tela
136 275 210 308 mauu
220 260 315 322 trepidae
322 260 410 323 jaciunt
419 277 426 317 ;
444 275 470 307 ac
481 262 561 308 robore
571 258 628 307 duro

59 328 190 390 stipitibus
197 325 286 372 ferrum
298 326 432 386 sudibusque
442 326 559 373 imitantur
567 326 655 373 obustis

60 392 211 454 Praecipites,
221 391 345 453 primaeque
354 390 412 436 mori
423 406 465 452 pro
475 391 678 438 moenibusardent.

98 455 196 504 Interea
206 455 310 517 Turnum
322 456 345 501 in
357 455 420 502 silvis
431 456 569 503 saevissimus
579 456 657 519 implet
717 484 719 489 ,

61 522 180 577 Nuntius,
191 527 215 568 et
217 521 298 584 juveni
308 520 425 583 ingentem
436 520 481 567 sert
491 520 555 567 Acca
566 518 702 570 tumultumt

62 587 168 636 Deletae
178 586 315 633 Volscorum
325 586 391 639 acies,
403 585 511 632 cecidisse
522 584 648 643 Camillam,

62 650 184 715 Ingruere
194 651 298 698 infensos
306 652 424 706 honteu'et
435 649 512 697 Marte
523 652 622 698 secundo

64 717 155 765 Omnia
165 717 313 779 corripuisse}
324 722 410 762 metum
417 716 467 777 jam
478 715 507 761 ud
517 716 602 762 moenin
611 715 672 764 ferri.
689 721 738 765 900

64 780 113 829 Ille
124 781 202 829 furens
213 783 248 845 (et
259 797 320 828 saevu
330 779 397 829 Jovis
407 781 440 826 sic
451 781 544 828 numina
551 781 662 842 poscunt)

65 846 166 895 Deserit
176 848 280 894 obsessos
290 845 367 900 colles,
378 860 472 891 nemora
482 861 561 907 aspera
570 846 659 908 linquit.

65 911 119 959 Vix
129 927 143 959 e
153 919 275 974 conspeetu
287 910 379 965 exierat,
390 925 539 971 campumque
550 912 647 970 tenebat,

67 975 132 1026 Cum
142 985 206 1040 pater
216 976 310 1032 AEneus,
323 975 393 1023 saltus
403 976 519 1036 ingressus
529 984 625 1038 apertos,

65 1042 242 1105 Exsuperutque
249 1043 341 1104 jugum,
353 1037 453 1101 silvaque
463 1042 538 1088 evadit
548 1041 625 1104 opaci.

68 1108 110 1156 Sic
121 1108 186 1155 umbo
197 1107 225 1154 nd
236 1120 314 1154 muros
325 1106 396 1168 rapidi
404 1112 501 1166 totoque
510 1106 614 1154 feruntur

66 1173 177 1236 Agmine,
187 1187 229 1220 nec
240 1172 315 1234 longis
325 1173 385 1218 inter
395 1186 420 1219 se
431 1172 531 1232 passibus
541 1173 637 1219 ebsuutz

69 1239 109 1287 Ac
121 1238 187 1286 simul
197 1237 285 1284 AEnens
295 1236 407 1284 fumantes
417 1237 511 1297 pulvere
521 1252 613 1299 campos

69 1303 191 1366 Prospexit
201 1303 276 1364 longe,
289 1301 457 1361 Laurentiaque
466 1303 558 1363 agmina
568 1303 639 1360 vidit;

67 1368 103 1418 Et
115 1383 199 1416 saevum
210 1367 302 1416 AEnenn
312 1367 407 1430 agnovit
416 1365 510 1414 Turnus
520 1368 544 1414 in
555 1368 631 1424 ermis,
688 1371 738 1416 910

33 1469 38 1473 -
68 1435 247 1497 Adventumque
257 1432 339 1496 pedum
350 1431 463 1494 flatusque
473 1433 559 1481 audivit
569 1449 687 1494 equorum.
698 1479 700 1482 .

70 1500 231 1561 Continuoque
241 1500 319 1547 ineant
328 1514 415 1562 pugnae
426 1506 450 1545 et
460 1499 539 1560 proelia
549 1507 647 1558 tentent,

69 1565 104 1614 Ni
115 1580 192 1619 roseus¹
201 1564 274 1616 fessos
281 1566 329 1626 jum
341 1564 433 1627 gurgite
445 1564 546 1612 Phoebus
557 1563 625 1614 Ibero

71 1630 158 1692 'lingat
168 1645 246 1692 equos,
258 1636 392 1691 noctemque
400 1629 437 1677 die
446 1630 536 1678 labente
546 1632 646 1678 reducat.

70 1694 199 1748 considunt
209 1696 289 1747 enauit
298 1702 352 1744 ante
362 1695 449 1753 urbem,
460 1701 484 1743 et
493 1697 579 1743 moenia
587 1696 677 1750 vellunt,
