1709 2925
123 139 171 196 58'4
304 142 469 193 AENEIDOS
485 141 540 191 Ius·
549 137 596 191 IX.

128 273 199 325 Caede
209 274 291 330 losum,
302 280 325 321 et
334 275 414 337 plenos
424 273 536 335 spumanti
548 272 659 336 sanguine
670 274 742 325 rivos

126 341 264 402 Agnoscunt
275 339 345 402 spolia
355 339 414 385 inter
424 354 456 393 se,
467 337 600 400 galeamque
610 340 724 388 nitentem

129 404 238 467 Messapi,
249 412 272 451 et
283 404 355 450 multo
365 404 468 466 phaleras
479 402 560 449 sudore
571 411 681 465 receptas.

162 469 194 516 Et
204 470 253 532 jaan
264 470 335 532 prima
346 484 407 515 noso
417 468 536 530 spargebat
545 467 632 514 lumine
643 476 717 517 terras

128 532 222 582 'lithoni
233 548 337 581 croceum
347 534 452 595 linquens
465 532 552 579 Aurora
560 533 646 579 eubssez
748 538 798 582 460

128 598 182 649 Jam
194 600 242 646 sole
253 598 336 655 inluso,
348 600 397 661 jam
408 599 473 645 rebus
483 597 535 643 luae
545 598 643 653 retectis,

130 662 223 713 Turnus
234 664 257 710 in
269 678 331 710 arma
340 663 408 716 viros,
419 663 487 709 armis
497 662 648 709 circumdatus
659 663 716 727 ipse,

131 729 247 786 Suscitat3
264 735 388 791 aeratasque
398 729 458 774 acies
468 728 492 773 in
502 727 581 788 proelia
592 728 656 789 cogit

131 793 236 856 Quinque
247 810 306 847 suns.
314 794 424 853 variisque
435 799 519 841 acuunt
526 793 653 838 rumoribus
662 792 717 840 iras.

132 858 196 913 Quin
207 861 255 923 ipsa
266 860 358 906 arrectis
369 857 431 921 (visu
442 855 577 916 miserabile)
589 856 612 902 in
623 858 695 903 hastis

129 920 259 987 Praefigunt
269 924 347 985 capita,
359 930 383 969 et
392 922 465 969 multo
475 921 573 968 elamore
583 929 717 982 sequuntur,

130 986 227 1049 Euryali
238 995 261 1035 et
271 988 331 1035 Nisi.

162 1054 273 1100 AEneadae
284 1053 333 1100 duri
344 1067 459 1099 murorum
470 1053 494 1098 in
504 1058 568 1113 parte
578 1048 670 1098 sinistri

131 1115 265 1181 Opposuiare
275 1119 346 1164 aciem
357 1118 421 1181 (narn
430 1119 522 1165 dextera
532 1117 631 1177 cingitur
640 1114 723 1178 amni),

132 1181 286 1245 Ingentesque
296 1189 375 1229 teuent
383 1181 464 1236 fossas,
476 1188 499 1227 et
509 1182 607 1227 turribus
617 1181 669 1228 altis
750 1182 798 1228 4³10

132 1248 202 1296 Stant
212 1248 303 1296 moesti:
323 1248 389 1293 simul
399 1261 440 1293 ora
449 1246 522 1292 virum
533 1244 626 1307 praefixa
635 1247 767 1302 movebant,

133 1313 199 1364 Nota
210 1313 278 1360 nimis
288 1312 382 1365 miseris,
393 1318 487 1372 atroque
496 1309 590 1356 {luentia
599 1311 659 1357 tabu.

132 1375 226 1424 Interea
235 1377 338 1439 pavidam
348 1376 445 1423 volitans
455 1381 552 1437 pennata
561 1390 602 1437 per
612 1376 690 1422 urbem

133 1441 223 1492 Nuntia
234 1440 304 1489 Fama
314 1441 365 1496 ruit.
376 1441 498 1503 matrisque
509 1439 610 1488 allabitur
620 1455 686 1488 aures

132 1507 237 1568 Euryali.
250 1566 252 1571 ,
270 1506 303 1554 At
314 1507 399 1554 subitus
410 1507 499 1553 miserae
509 1506 570 1552 calor
580 1521 632 1552 ossa
643 1506 748 1568 reliquit:

126 1570 233 1624 Excussi
243 1572 345 1618 manibus
355 1571 417 1624 radii,
429 1572 576 1630 revolutaque
585 1585 662 1633 pensa.

83 1688 87 1697 A
135 1638 221 1687 Evolat
231 1636 318 1695 infelix,
330 1644 359 1692 et,
370 1635 469 1683 femineo
480 1635 572 1689 ululatu,
645 1656 648 1661 ·

135 1705 315 1757 Scissa-comam,
327 1717 404 1748 muros
413 1716 492 1748 aanens
501 1707 569 1760 atque
579 1701 671 1763 agmins
682 1716 751 1749 eursu

137 1769 215 1818 Prima
225 1770 294 1831 petit:
313 1782 359 1814 non
370 1767 408 1814 illa
417 1767 499 1820 virum,
511 1780 558 1811 non
568 1765 607 1812 illa
616 1767 703 1827 pericli,
751 1768 798 1813 sta

136 1834 393 1895 Telorumquernemur3
405 1831 488 1879 eoelum
496 1830 576 1876 dehinc
583 1832 700 1891 questibus
706 1833 795 1897 implet:

136 1898 209 1947 Hunc
220 1915 265 1961 ego
275 1905 304 1954 te,
314 1897 420 1959 Euryale,
432 1894 548 1958 adspicio?
565 1902 625 1948 tune,
637 1896 677 1943 illa
686 1906 786 1945 senectae

137 1964 194 2011 Sera
203 1979 262 2009 aneae
272 1964 366 2024 requies,
376 1963 470 2024 potuisti
479 1961 580 2021 linquere
592 1960 671 2014 solam,

137 2026 259 2078 Crudelis?
276 2043 318 2074 nen
329 2033 359 2082 te,
370 2028 411 2074 sub
421 2033 484 2074 tanta
494 2025 592 2087 pericula
602 2026 704 2081 missum,

136 2091 210 2141 Affari
220 2099 347 2139 extremum
357 2093 446 2139 miserae
457 2092 508 2138 data
517 2090 581 2152 copia
591 2090 677 2136 matri?

137 2155 194 2205 Heu
204 2155 209 2203 !
227 2154 287 2203 terri
297 2155 377 2219 ignoti
387 2158 478 2204 canibus
489 2156 541 2203 date
551 2155 626 2216 praeda
638 2153 729 2202 Latinis

136 2221 280 2281 Alitibusque
285 2221 362 2281 jaces!
381 2237 423 2268 nee
435 2229 458 2268 te
468 2229 507 2268 tua
516 2220 596 2266 funera
606 2227 680 2267 mater

126 2285 247 2340 ‘Produxi
257 2285 357 2347 pressive
367 2286 451 2340 oeulos,
463 2293 501 2333 aut
512 2285 605 2331 vulnera
615 2284 668 2337 lavi,

137 2351 212 2399 Veste
222 2350 318 2412 tegeus;
335 2350 375 2397 tibi
386 2365 453 2411 quam
465 2357 543 2397 noctes
553 2349 635 2396 festina
645 2349 740 2411 diesque

137 2415 262 2480 Urgebam,
274 2419 297 2459 et
307 2412 352 2460 teli
362 2429 427 2460 curas
438 2416 526 2461 solabar
535 2414 613 2460 aniles.
716 2436 727 2443 ·’
752 2419 798 2463 489

136 2479 191 2533 Qun
200 2477 297 2539 sequar?
307 2483 346 2524 aut
356 2493 407 2539 quae
415 2493 476 2525 nune
486 2486 556 2529 artus,
563 2477 686 2537 avuhaque
693 2480 799 2536 membra,

136 2540 171 2589 Et
180 2542 248 2589 funus
258 2543 355 2588 lacerum
366 2542 433 2588 tellus
444 2541 526 2590 habet?
542 2542 586 2588 hoe
596 2542 655 2588 mihi·
662 2542 692 2588 de
702 2550 733 2597 te,

136 2603 205 2660 Nate,
216 2604 362 2661 refertque
372 2618 422 2663 saun
433 2605 537 2668 tetrique
545 2607 647 2669 marique
655 2607 753 2672 sqmts?
781 2622 786 2639 ·
