1709 2925
138 116 185 164 lm
329 106 494 162 AENEIDOS
510 106 608 161 Lusll·

137 245 190 294 Nos
201 244 291 292 delubra
301 242 380 291 Dehm
389 244 472 297 miseri,
483 242 564 303 quibus
574 242 668 289 ultimus
677 250 739 294 esset
804 270 811 275 ·

138 310 182 358 Ille
192 311 246 364 dies,
257 306 316 355 sesti
325 309 426 356 velamus
436 307 516 354 fronde
526 322 566 369 per
575 307 661 355 urhenr.
772 360 775 367 Ι

137 375 242 422 Vertitur
252 375 338 420 interea
348 373 438 428 coelunr,
447 380 471 420 et
481 373 525 419 ruit
536 372 630 420 Oceano
641 372 708 429 Nox,
755 379 816 425 250

138 438 263 486 Involvens
272 437 352 485 umbri
361 437 446 500 magud
455 446 582 498 terramque
590 439 721 500 polumque,

138 504 356 566 Myrmidonumque
366 503 444 550 dolos:
463 502 507 549 fusi
517 517 558 563 per
567 504 653 550 mesala
662 502 750 554 Teucri

139 566 295 625 Conticuere3
312 584 379 631 sopor
389 568 461 615 fessos
471 568 627 628 complectitur
637 574 708 616 artus.
804 588 817 597 Δ·

167 633 201 682 Et
206 635 255 695 Jam
266 633 355 697 Argim
364 634 463 696 phalanx
473 633 588 679 instructIs
599 634 694 681 nuvious
704 635 752 683 inst

138 701 164 747 A
174 697 275 754 Tenedo,
286 699 361 746 tnoitte
370 714 411 761 per
421 698 493 745 amica
503 697 590 744 silentia
600 698 670 756 lame,
810 696 815 717 ¹

141 765 221 812 Litora
231 770 286 811 nota
295 770 374 825 petens
380 780 388 821 ;
405 763 508 809 flammas
519 776 570 808 curm
581 763 645 825 regis
659 764 744 828 puppis

141 829 277 887 Extulernt3
293 830 390 890 fatisque
400 827 479 875 Detlm
489 826 595 873 defensus
603 828 695 889 iniquis,

142 893 246 942 Inclusus
257 901 321 940 utero
333 893 429 940 Danaos
439 898 462 940 et
472 893 539 954 pines
547 891 625 938 furtim

142 959 218 1007 Lexat
228 959 324 1005 claustra
335 958 421 1005 Sinone
441 958 493 1004 lllos
502 956 627 1019 patefactus
637 956 667 1003 ad
676 972 744 1007 auras

142 1024 229 1071 Reddit
238 1037 324 1084 equus;
335 1022 427 1084 laetique
437 1037 494 1069 csso
504 1021 619 1069 serobore
627 1031 738 1084 promunt
762 1026 814 1074 260

142 1088 300 1136 Thessandrus
310 1087 477 1149 Sthenelusque
486 1087 561 1139 duces,
572 1093 596 1134 et
606 1087 667 1134 dirus
678 1087 786 1150 Ulysses,
813 1136 815 1141 ,

143 1153 276 1201 Demissern
283 1152 340 1212 lapsi
350 1164 391 1215 per
400 1151 485 1207 funem,
497 1152 646 1214 Acamasque.
658 1151 789 1218 Thoasque,
800 1176 804 1181 ·

144 1218 278 1279 Pelidesque
288 1217 461 1280 Neoptolemus,
472 1217 601 1280 primusque
611 1217 735 1276 Maehson,

143 1281 178 1331 Et
189 1283 315 1338 Menelahs,
328 1290 351 1329 et
361 1283 409 1345 ipse
419 1282 465 1329 doli
474 1282 593 1329 fabricator
603 1281 688 1345 Epeos.

145 1346 260 1395 Invadunt
270 1349 348 1394 urbem
359 1362 441 1394 somno
451 1347 548 1408 vinoque
559 1343 685 1408 sepultum

146 1411 272 1461 Caeduntur
280 1412 368 1476 viglles,
379 1413 495 1476 portIsque
503 1413 630 1475 patentibus
641 1418 721 1461 omnes

146 1478 269 1539 Accipiunt
278 1479 359 1534 socios,
370 1487 438 1540 atque
448 1479 539 1541 agmina
549 1478 639 1525 conscia
643 1478 756 1542 jungunt.

178 1541 279 1606 Tempus
290 1550 346 1602 erat,
357 1558 402 1603 quo
412 1544 485 1606 prima
494 1543 559 1604 quies
569 1544 699 1591 mottahhus
710 1545 781 1609 aegris

147 1606 237 1671 Incipit,
248 1614 272 1654 et
282 1608 342 1655 dono
352 1606 442 1656 Divum
453 1609 581 1670 gratissima
591 1609 667 1670 serpit.

147 1670 177 1719 In
187 1674 279 1728 somnis,
290 1688 349 1729 ecce,
360 1680 413 1721 ente
423 1673 502 1721 oeulos
512 1673 670 1720 moestissImus
681 1672 775 1725 Hector

145 1736 217 1785 Vrsus
228 1739 306 1786 adesse
315 1740 377 1794 mihi,
388 1740 510 1801 largosque
520 1737 635 1785 effundere
644 1738 728 1800 θείως
764 1743 815 1791 m

147 1802 259 1866 Raptatus
268 1804 328 1866 bigis
338 1811 364 1852 ut
374 1804 493 1866 quondam,
504 1810 597 1864 sterque
605 1811 700 1852 cruento
800 1823 802 1828 ‘

147 1867 252 1924 Pulvere,
262 1884 347 1932 perque
356 1870 425 1933 pedes
436 1871 542 1932 trajectus
551 1868 600 1915 lora
610 1875 733 1917 tumentes.

190 1935 195 1945 '
208 1935 263 1981 mihi
272 1935 278 1982 l
296 1935 367 1997 qualis
377 1934 440 1982 erat!
459 1940 567 1995 qnantum
577 1940 678 1981 mutatus
688 1935 717 1982 sb‘
726 1935 769 1984 illo

176 2005 257 2054 ectore,
269 2002 308 2060 qui
318 2001 376 2048 redit
385 1999 479 2047 exuvias
488 1998 584 2045 indutus
590 1998 695 2055 Aehfllei,

148 2059 195 2128 Vel
206 2061 314 2112 Densum
325 2065 441 2128 Phrygios
446 2064 559 2128 jaculatus
568 2064 683 2126 puppibus·
689 2063 772 2127 ignes!

150 2125 294 2188 Squalentem
304 2131 401 2186 barbam,
413 2138 437 2177 et
444 2135 562 2177 concretos
573 2129 684 2191 sunguine
694 2127 775 2185 crinem

148 2187 296 2253 Vulneraque
306 2195 345 2242 illa
355 2209 444 2258 gerens,
455 2209 507 2305 ‹pluae
517 2194 602 2241 circum
613 2193 709 2255 plurima
718 2210 806 2244 muros·

149 2256 247 2318 Accepit
257 2260 349 2319 patrios.
380 2258 450 2306 Ultro
478 2274 518 2307 ens
528 2259 576 2321 ipse
586 2259 677 2306 videbar

150 2318 293 2383 Compellare
303 2325 384 2378 virum,
395 2333 419 2371 et
428 2329 523 2372 moestas
533 2337 665 2387 expromere
675 2335 760 2373 voees:

150 2385 224 2434 Olux
235 2385 365 2445 Dsrdnniae,
377 2404 428 2452 spes
439 2406 453 2436 o
464 2389 571 2436 lithssima
579 2387 702 2445 Teucrdm,
768 2393 813 2439 281

152 2450 213 2506 Quae
224 2460 294 2499 tantm
304 2452 397 2501 tenuere
405 2454 493 2501 morse?
509 2455 588 2516 quihus
601 2452 693 2500 Hector
701 2450 733 2502 ab¹
740 2457 786 2504 orls

151 2513 291 2578 Exspectate
300 2518 381 2565 venis?
398 2527 423 2566 ut
434 2528 465 2572 te,
475 2528 527 2581 post
537 2520 608 2565 multa
618 2524 709 2565 tuorum

150 2574 248 2638 Funera,
259 2589 310 2645 post
319 2584 394 2631 varios
405 2584 566 2646 hominumque
577 2582 681 2645 urbisque
690 2584 786 2644 labores·

152 2642 247 2695 Defessi
256 2648 391 2712 adspicimm
400 2648 405 2697 l
424 2663 476 2709 quae
487 2663 554 2697 eausa
561 2648 658 2712 tudigns
667 2663 761 2698 serenos
