1709 2925
184 105 188 109 ’
215 165 218 172 ,
256 112 561 164 AENEIDOSLmVII.
695 119 742 166 287

57 244 126 300 Neo,
136 243 218 294 nstris
228 245 326 301 miseret,
336 260 404 306 quum
414 245 487 306 primo
498 244 613 306 Aquilone
621 244 733 307 relinquet

64 309 187 368 Perfidus,
200 309 246 356 sits
255 316 334 372 petens
344 309 439 357 obducti
449 311 547 371 virgine,
557 309 653 374 predo?

64 375 106 427 At
116 391 168 422 non
179 376 214 420 sic
224 373 339 436 Phrygius
348 382 451 437 penetrat
461 374 627 423 Lscedaemons
636 382 720 439 postor,

64 439 230 500 huaeamque
242 438 356 490 Helenum
368 438 479 500 Trojsnts
488 442 552 487 venit
562 441 591 487 sd
602 441 674 488 urbes.

64 504 137 559 Quid
149 512 189 551 tuo
200 512 278 558 sencts
287 504 359 552 fides?
372 506 427 565 quid
438 507 592 566 tumentique
602 514 698 562 tuorum,

64 568 106 619 Et
117 570 292 630 consanguineo
303 570 370 617 toties
381 570 432 617 doto
443 570 535 617 dextero
545 569 641 617 Turno?

67 634 96 681 si
108 647 187 697 gener
197 633 290 681 extemd
299 635 382 698 petitur
392 636 421 682 de
431 644 501 697 gente
511 633 607 690 Latinis,

65 697 149 760 quue
160 698 233 756 sedet,
245 698 362 761 Faunique
371 708 477 763 premunt
486 708 510 747 te
516 700 581 762 jussa
589 701 701 761 purentis3

66 763 177 823 Omnem
189 764 292 824 equidem
303 767 396 827 sceptris
407 772 489 813 terrem
501 780 553 826 quae
563 765 631 813 libera
641 768 724 814 uostris

65 827 187 884 Dissidet,
199 836 314 878 externam
326 844 382 885 reor,
394 838 418 877 et
428 830 461 877 sic
472 831 546 877 dicere
556 828 638 878 Divos.
694 835 745 879 370

67 893 107 941 Et
117 892 209 949 Tumq
220 895 240 940 si
251 895 322 956 prima
332 895 413 943 domds
423 903 536 958 repetetur
546 895 617 958 origo,

24 1015 28 1022 Ι
68 956 176 1006 Inachus
188 959 334 1020 Acrisiusque
345 967 426 1022 potres,
438 961 563 1022 mediaeque
573 959 690 1021 Mycenae.

104 1023 156 1082 His
167 1025 205 1072 ubi
217 1024 365 1086 nequidquam
376 1025 442 1072 dictis
452 1036 551 1088 experte,
562 1023 670 1073 Latinum

68 1088 165 1139 Contra
176 1096 237 1136 stare
247 1090 314 1145 videt,
325 1090 460 1153 penitusque
470 1091 493 1137 in
504 1091 590 1139 viscere
599 1091 687 1153 idpsum

67 1146 192 1217 Serpentis
202 1154 281 1207 furiale
291 1156 383 1209 muium,
395 1161 510 1217 totamque
521 1164 632 1218 pererrst3

66 1219 93 1267 T
93 1236 135 1267 um
147 1217 299 1276 verqinfelix,
310 1221 442 1282 ingentibus
452 1221 525 1267 excite
534 1222 646 1276 monstris,

66 1284 214 1332 Immensum
225 1284 274 1336 sine
284 1300 348 1331 more
358 1283 414 1331 furit
423 1286 540 1347 lymphata
549 1300 589 1346 per
599 1286 685 1333 urbem

68 1350 124 1400 Ceu
136 1348 250 1409 quondam
261 1355 322 1396 torto
333 1349 431 1396 volitans
442 1351 484 1396 sub
493 1350 585 1397 verbere
594 1351 666 1407 turbo,

68 1414 151 1471 Quem
163 1413 227 1475 pueri
239 1414 356 1476 magnoin
366 1430 426 1477 gyro
437 1429 508 1461 vacus
516 1415 573 1461 stris
582 1415 666 1462 circum

68 1478 162 1527 Intenti
172 1479 227 1525 iudo
238 1486 359 1538 exercent3
376 1479 415 1528 iile
425 1488 489 1527 actus
499 1479 586 1528 hubend
693 1486 743 1530 880

70 1543 186 1594 Curvstis
195 1544 266 1591 fertur
276 1545 368 1606 spatiis5
385 1553 460 1608 stupet
471 1546 541 1592 inscia
550 1561 619 1608 supra

68 1608 228 1673 Impubosque
238 1623 325 1665 monus,
338 1611 418 1659 mirate
428 1610 525 1658 volubile
534 1611 634 1669 buxum;

68 1674 141 1727 Dant
152 1674 240 1731 animos
251 1674 339 1737 plagast
358 1691 405 1723 non
416 1691 483 1723 cursu
494 1676 586 1738 segnior
597 1675 637 1723 iilo

69 1740 121 1788 Per
132 1738 220 1786 medias
231 1740 295 1787 urbes
305 1742 381 1803 agitur
390 1740 531 1802 populosque
540 1739 636 1787 seroces.

69 1805 140 1861 Quin
151 1804 220 1861 etism
231 1804 254 1851 in
266 1805 339 1861 silvus,
351 1805 456 1853 simulato
467 1806 560 1855 numine
570 1805 663 1860 Bocchi,

68 1869 154 1933 Mojus
164 1869 243 1923 adorto
253 1869 322 1925 nefus,
333 1871 486 1933 majoremque
496 1864 663 1925 orsn'iurorem,

69 1935 169 1990 Evolat,
181 1941 205 1981 et
216 1942 291 1982 nutam
302 1934 414 1982 frondosis
425 1935 539 1982 montibus
549 1935 608 1981 obdit
614 1950 622 1992 ;

71 2000 131 2056 Quo
142 1999 265 2047 thelonium
277 2000 355 2062 eripiat
365 1999 467 2055 Teucris,
479 1999 594 2060 taedssque
604 2005 716 2049 moretur:

70 2064 140 2116 Euoe
151 2064 249 2120 Bocche,
260 2064 365 2121 tremens,
376 2066 451 2113 solum
461 2074 485 2112 te
495 2065 584 2127 virgine
594 2066 696 2181 dingsm,

71 2129 230 2187 Vocii'ersns3
247 2131 329 2177 etenim
342 2131 422 2178 molles
432 2131 472 2177 tibi
483 2145 572 2177 sumere
583 2131 635 2192 thyr
661 2147 679 2189 n
695 2137 746 2182 39⁰

72 2195 112 2244 Te
123 2195 221 2249 lustrare
232 2196 308 2251 choro,
320 2210 407 2244 sacrum
418 2197 458 2243 tibi
468 2210 560 2258 poscere
570 2196 663 2245 crinem.

74 2260 152 2310 Fama
162 2259 239 2317 voht3
254 2259 364 2322 furiisque
375 2276 481 2310 accensas
490 2268 581 2324 pectore
591 2269 675 2310 matres

74 2324 144 2374 Idem
155 2339 236 2372 omnes
247 2325 314 2372 simul
324 2325 390 2373 sudor
400 2328 454 2389 ogit,
466 2341 525 2374 novs
534 2342 635 2387 quaerere
645 2334 713 2374 tecte.

74 2386 211 2453 Desemdre
221 2389 315 2436 domos:
335 2392 408 2437 ventis
418 2391 473 2439 dent
483 2391 541 2438 colis
551 2402 679 2452 comasque.

74 2455 124 2502 Ast
135 2454 186 2500 adm
196 2455 299 2501 tremulis
309 2455 427 2502 ululatibus
439 2456 523 2502 aetisero
533 2456 653 2517 complent,

75 2517 260 2580 Pampinensque
270 2527 354 2581 gerunt
364 2520 468 2568 incinctae
479 2521 572 2581 pellibus
582 2520 666 2565 hsstus.

75 2582 133 2646 Ipsa
142 2584 202 2639 inter
212 2583 298 2631 medias
308 2583 443 2646 flagrantem
453 2584 540 2630 fervida
549 2584 629 2644 pinum

75 2648 188 2711 Sustinet,
198 2663 225 2707 oc
236 2656 297 2703 natae
307 2647 497 2713 Turniquccsnit
507 2649 649 2709 hymenaeo³s
687 2683 689 2687 .
