1709 2925
216 106 406 158 BUconlca·
417 107 477 157 Ecr.
490 108 521 157 V.
672 113 701 159 15

50 228 146 280 Puniceis
156 234 246 282 humilis
255 243 364 295 quantum
375 235 475 282 saliunca
485 235 577 293 rosetis3

51 295 130 346 ludicio
140 307 215 347 nostro
227 309 315 347 tautum
326 301 365 347 tibi
376 301 436 347 cedit
446 301 567 362 Amyntas.
607 360 611 366 ἡ

321 430 421 462 MOPSUS·

51 491 90 539 Sed
99 501 122 541 tu
131 495 209 542 desine
219 496 289 557 plura,
300 511 369 558 puer;
387 496 535 542 successimus
545 503 618 542 antro.

52 556 186 606 Enstiuotum
198 560 314 622 Nymphae
325 560 408 606 crudeli
418 560 498 607 funere
508 560 617 621 Daphnin
671 562 704 605 20
771 555 776 564 '

52 620 150 674 llebaut:
170 641 213 671 vos
224 626 294 686 coryli
306 633 375 672 testes
385 633 408 672 et
418 625 512 671 flumina
522 624 637 686 Nymphis
646 642 652 682 3

11 679 13 722 l
52 685 110 743 Cum,
121 690 238 752 complexa
249 692 284 736 sui
294 706 375 753 corpus
386 691 510 737 miserabile
521 691 575 743 usti,

11 759 12 776 ¹
52 752 119 814 Atque
129 755 183 802 deos
195 768 263 816 atque
272 764 332 802 astra
340 763 406 802 vocat
416 756 515 802 crudelia
524 763 602 802 mater.

50 814 98 864 Non
108 820 146 865 ulli
156 828 235 882 pastos
245 819 289 868 illis
299 819 367 883 egere
377 821 455 866 diebus

11 913 12 918 ,
50 879 140 945 Frigida,
164 884 266 948 Daphni,
282 886 352 933 boues
368 885 397 931 ad
412 884 522 945 flumina;
548 885 610 931 nulla
635 897 706 944 neque

136 965 227 997 amnem

50 1008 132 1061 Libsvit
142 1016 276 1077 quadrupes,
287 1030 329 1062 nec
339 1016 448 1076 graminis
458 1015 534 1076 attigit
543 1015 642 1061 herbam.

49 1075 140 1140 Daphni,
151 1089 218 1127 tuum
230 1079 317 1128 Poenos
326 1083 394 1127 etiam
402 1081 540 1142 ingemuisse
550 1080 627 1127 leones

49 1138 168 1200 Interitum,
179 1152 314 1206 montesque
323 1145 366 1192 feri
375 1146 484 1206 silvaeque
493 1145 622 1207 loquuntur.

49 1204 146 1270 Daphnis
157 1219 181 1257 et
193 1210 313 1257 Armenias
324 1212 391 1257 currii
402 1212 536 1273 subjungere
546 1210 617 1272 tigres

49 1267 159 1332 Instituit;
178 1273 285 1337 Daphnis
294 1276 379 1323 thiasos
389 1276 495 1323 inducere
505 1274 600 1331 Bacchi,
676 1276 710 1321 80

48 1335 78 1382 Et
86 1339 144 1387 foliis
154 1341 230 1388 lentas
238 1340 341 1388 intexere
350 1341 455 1388 mollibus
465 1341 547 1387 hastas.

50 1400 105 1450 Vitis
116 1413 141 1451 ut
150 1405 266 1452 arboribus
277 1406 352 1453 decori
362 1413 403 1462 est,
414 1413 442 1452 ut
451 1406 534 1453 ritibus
545 1420 604 1460 urae,

50 1465 81 1514 Ut
90 1473 197 1533 gregibus
208 1471 273 1525 tauri,
285 1479 374 1534 segetes
384 1479 411 1519 ut
419 1473 541 1534 pinguibus
551 1472 611 1518 arvis
617 1487 626 1529 ς

50 1529 83 1578 Tu
93 1537 160 1583 decim
170 1551 240 1584 omne
250 1537 308 1583 tuis:
327 1544 445 1599 postquam
457 1545 481 1583 te
490 1536 537 1583 sata
547 1537 654 1590 tulerunt,

49 1593 97 1659 Ipsa
107 1601 174 1649 Pales
183 1617 260 1663 agros,
271 1609 338 1664 atque
348 1603 396 1665 ipse
407 1602 496 1662 reliquit
505 1602 598 1664 Apollo.
644 1636 649 1642 .

50 1663 144 1713 Grandia
155 1682 217 1728 saepe
227 1668 308 1727 quibus
318 1668 473 1714 mandavimus
484 1668 567 1714 hordea
578 1666 653 1718 sulcis,

49 1724 127 1777 lnielix
136 1730 217 1778 lolium
228 1738 252 1778 et
263 1732 350 1779 steriles
361 1739 484 1778 nascuntur
494 1747 581 1781 avenae.

50 1790 91 1840 Pro
101 1796 165 1843 molli
175 1793 242 1851 viold,
252 1812 295 1858 pro
304 1811 416 1858 purpureo
427 1799 535 1850 narcisso,

51 1855 148 1908 carduus
160 1868 183 1908 et
194 1860 265 1923 spinis
274 1862 346 1923 surgit
353 1861 454 1924 paliurus
464 1861 544 1907 acutis.

50 1922 150 1987 Spargite
161 1926 256 1972 humum
265 1926 332 1982 soliis,
343 1927 443 1973 inducite
453 1924 553 1971 lontibus
564 1924 659 1978 umbras,

51 1985 166 2038 Pastores:
184 1991 277 2038 mandat
286 1990 334 2038 lieri
345 1992 387 2038 sibi
398 1991 451 2037 talia
461 1987 574 2052 Daphnis.
678 1991 708 2039 41

50 2051 79 2100 Et
88 2056 204 2103 tumrulum
211 2054 286 2110 facim,
297 2063 320 2103 et
330 2057 419 2103 tumulo
431 2055 571 2117 superaddite
581 2069 687 2100 carmen:

50 2116 151 2182 Daphnis
162 2136 208 2183 ego
218 2121 242 2167 iu
253 2121 322 2177 silvis,
333 2121 388 2168 hino
397 2135 470 2182 usque
480 2120 508 2167 sd
518 2120 590 2167 sidera
603 2127 679 2172 uotus,

52 2180 149 2234 lormosi
160 2186 249 2248 pecoris
258 2193 343 2243 custos,
353 2185 475 2233 formosior
481 2186 536 2248 ipse.

121 2346 125 2349 .
308 2313 451 2348 mancas.
554 2310 556 2317 ’

50 2376 101 2429 Tale
107 2388 174 2431 tuum
184 2397 276 2430 carmen
287 2383 358 2437 nobis,
369 2382 446 2429 divine
454 2378 528 2440 poeta,

53 2444 121 2499 Quale
130 2464 200 2510 sopor
210 2448 276 2495 fessis
286 2449 311 2494 in
321 2447 439 2509 gramine;
457 2443 529 2505 quale,
539 2457 580 2504 per
590 2446 678 2492 mrum.

52 2508 127 2560 Dulcis
139 2528 206 2574 aquae
217 2513 311 2560 saliente
318 2513 378 2559 sitim
389 2511 530 2570 restinguere
539 2509 596 2552 rivo.

12 2580 14 2651 l
53 2572 98 2624 Nec
108 2579 201 2626 calamis
211 2578 285 2625 solum
297 2579 428 2638 aequipsras,
440 2574 480 2620 sed
490 2586 554 2644 voce,
564 2567 697 2628 magistrum
707 2577 715 2608 ²

55 2636 173 2693 Fortunate
183 2659 247 2708 puer,
258 2651 283 2691 tu
294 2658 354 2690 nunc
365 2641 410 2687 eris
421 2639 478 2686 alter
488 2637 516 2683 ab
526 2634 573 2680 1110.
