1709 2925
228 140 395 194 AENEIDOS
411 140 466 192 Lu.
476 138 541 192 xn.
667 146 717 194 858

73 277 182 330 Turnus,
193 281 220 322 ut
230 275 322 323 AEnem
334 276 451 323 sedatum
462 289 492 324 ex
504 274 596 337 agmine
604 274 670 331 vidit,

34 343 208 403 Turbatosque
220 341 295 396 duces,
308 339 381 389 subiti
392 356 432 402 spe
442 341 542 388 fervidus
552 340 629 387 ardet:

37 410 129 458 Poscit
139 408 216 469 equos,
227 413 295 469 atque
306 421 368 454 anna
378 407 452 460 simul,
464 408 567 467 saltuque
577 406 686 468 superbus

37 475 141 524 Emicat
153 473 177 518 in
189 487 286 527 currum,
298 479 321 519 et
331 472 435 518 manibus
445 473 537 519 molitur
547 472 652 520 habenas.

39 539 127 587 Multa
138 536 212 584 virum
224 537 322 587 volitans
333 538 371 584 dat
381 536 449 583 fortia
460 551 553 598 corpora
563 536 623 584 letor

40 605 181 652 &minaces
191 602 263 650 volvit
274 603 367 660 multos,
378 610 417 648 aut
428 603 520 664 agmina
530 616 596 648 curru

40 669 157 723 Proterit,
169 674 208 715 aut
218 675 293 729 raptas
303 667 442 730 fugientibus
452 667 536 730 ingerit
546 667 629 714 butas.
670 671 720 715 880

42 734 133 789 Qualis
143 733 202 795 apud
212 733 280 796 gelidi
292 748 344 780 oum
355 730 450 779 flumina
459 733 562 795 concitus
573 730 647 778 Hebri

42 800 195 860 Sanguinem
207 796 303 845 Mavors
314 799 394 861 clypeo
405 798 512 860 increpat,
523 804 590 858 atque
600 796 701 844 furentes

43 865 116 912 Bella
128 877 224 910 movens
234 864 338 910 immittit
347 878 429 924 equos:
449 863 481 909 illi
493 875 583 924 aequore
593 871 671 923 aperto

44 931 114 977 Ante
123 928 199 975 Notos
207 929 380 992 Zephyrumque
388 929 477 975 volout:
491 928 564 991 gemit
569 926 648 973 ultima
653 927 720 989 pulsu

46 995 142 1042 'lirrosa
151 994 241 1056 pedum,
253 996 383 1055 circumque
393 1002 449 1041 atrae
461 992 598 1041 Formidinis
608 1007 655 1049 ora,

47 1059 149 1121 lraeque,
161 1057 304 1120 Insidiaeque,
315 1058 363 1106 Dei
374 1061 500 1112 comitatus,
512 1065 624 1120 aguntur:

47 1125 115 1172 Talis
126 1138 196 1186 equos
207 1125 280 1171 alacer
289 1125 364 1171 media
374 1125 433 1171 inter
442 1125 523 1186 proelia
531 1122 625 1170 Turnus

48 1190 177 1239 Fumantes
188 1190 270 1237 sudore
280 1192 358 1252 quatit,
368 1190 495 1236 miserabile
505 1189 570 1235 caesis

50 1255 166 1303 Hostibus
173 1254 299 1312 insultans3
316 1254 402 1318 spargit
412 1254 489 1315 rapida
498 1253 584 1315 ungula
594 1268 658 1300 rores

52 1321 205 1383 Sanguineas,
215 1317 409 1381 mixtique'cruor
419 1320 518 1367 emantur
528 1316 603 1365 areni.
671 1320 722 1364 840

50 1386 151 1447 Jamque
173 1386 223 1432 neci
247 1385 424 1447 Sthenelumque
446 1385 513 1440 dedit,
536 1382 721 1446 Thamyrimque,

151 1449 301 1512 Pholumque,

53 1516 127 1565 Hunc
144 1531 288 1580 congressus,
305 1523 329 1564 et
346 1518 418 1576 haum
435 1518 500 1564 illum
511 1516 613 1565 eminus:
633 1514 722 1562 eminus

151 1583 217 1629 ambo

53 1646 197 1701 Imbrasidas,
217 1648 331 1696 Glaucum
346 1654 414 1709 atque
429 1646 519 1702 Laden,
533 1661 591 1708 quos
607 1643 722 1692 Imbrasus

149 1728 157 1759 ι
173 1728 199 1760 se

54 1730 174 1825 Nurrterai
185 1775 264 1839 Lycii,
276 1779 410 1841 paribusque
420 1783 539 1825 ornaverat
548 1776 632 1831 annis3

55 1843 101 1890 Vel
111 1843 214 1890 conferre
224 1858 324 1899 manum,
336 1844 374 1890 vel
384 1858 443 1905 equo
453 1848 589 1905 praevertere
599 1845 688 1887 ventos.

56 1908 124 1956 Parte
134 1907 179 1955 alia
188 1908 263 1956 medis
272 1907 388 1956 Eumedes
398 1910 422 1954 in
433 1908 512 1969 proelia
521 1906 601 1963 fertur,

56 1970 151 2035 Antiqui
162 1974 237 2035 proles
246 1973 307 2021 bello
316 1974 424 2036 prusciam
435 1972 550 2027 Dolonis3

56 2038 157 2086 Nomine
175 2054 243 2085 avum
260 2038 367 2094 reserens,
386 2040 463 2086 animo
479 2038 626 2099 manibusque
641 2050 724 2099 paren·

154 2113 207 2159 tem,

58 2168 103 2223 Qui
114 2170 235 2230 quondam,
246 2176 319 2216 castra
329 2176 355 2217 ut
366 2168 474 2216 Danaum
486 2169 612 2231 speculator
622 2167 699 2220 adiret,

58 2234 135 2281 Ausus
146 2233 232 2282 Pelidae
243 2235 339 2297 pretium
348 2235 389 2282 sibi
400 2249 494 2297 poscere
505 2249 599 2281 carrusa
676 2235 725 2280 850

57 2296 125 2345 Illum
136 2298 238 2361 Tydides
248 2299 293 2348 aiio
303 2315 344 2362 pro
355 2300 436 2348 talibus
446 2299 507 2346 ausis

59 2364 143 2412 Aileoit
151 2365 236 2426 pretim
252 2378 296 2411 nec
307 2366 371 2426 equis
382 2365 481 2429 adspirat
492 2363 595 2411 Achillis.

59 2427 130 2477 Hunc
140 2431 219 2491 procul
230 2436 256 2476 ut
266 2443 346 2492 campo
356 2428 451 2477 Turnus
460 2429 577 2492 prospexit
587 2435 671 2489 aperto,

60 2496 121 2540 Ante
131 2493 262 2557 ieriJaculo
272 2495 367 2557 longum
378 2496 496 2557 perinane
507 2501 604 2548 secutus,

61 2560 124 2607 Sistit
133 2574 204 2620 equos
214 2560 310 2622 bijuges,
319 2567 343 2607 et
353 2575 421 2607 curru
433 2560 513 2611 desilit,
523 2565 591 2618 atque

61 2625 190 2671 Semianimi
200 2626 309 2689 lapsoque
319 2626 457 2689 supervenit,
467 2632 497 2676 et,
509 2624 566 2684 pede
576 2622 636 2670 collo

60 2688 179 2753 impresso,
191 2690 279 2739 dextras
290 2705 422 2739 mucronem
434 2696 560 2749 extorquet,
571 2695 595 2734 et
605 2687 652 2734 alto

222 2751 225 2762 '
462 2759 477 2799 2
489 2768 507 2799 a
524 2758 540 2800 3
