1709 2925
135 91 184 137 252
307 86 473 138 AENEIDOS
489 85 543 135 Lu.
552 86 626 138 vnn

134 220 288 282 stringentem
299 220 365 282 ripas,
376 226 400 265 et
409 219 503 282 pinguia
512 218 573 266 calta
583 228 708 281 meantem,

103 283 254 342 [Coerukus
264 282 370 345 Tirybris,
381 284 442 331 coelo
451 284 594 347 gratissimus
604 283 709 348 amrin]

134 347 182 397 Hic
193 350 246 396 mihi
257 363 340 410 magna
350 347 438 403 domus,
450 349 516 396 celsis
526 357 594 410 caput
604 351 704 408 urbibus,
716 355 774 402 exit.

165 413 239 467 Dixit,
250 413 331 461 deinde
339 413 390 461 lacu
402 412 498 463 Flavius
508 428 533 460 se
543 415 643 462 condidit
653 417 708 472 aito,

131 476 183 526 Ima
192 485 278 541 petens.
311 476 367 525 Nox
377 477 470 525 AEnean
481 494 618 540 somnusque
628 481 729 543 reliquit.

131 543 219 606 Surgit,
230 549 259 598 et,
271 545 363 590 setherei
372 541 478 606 spectans
488 544 582 590 orientia
593 545 654 593 Solis

130 606 236 663 Lumina,
247 609 291 655 rite
301 608 363 656 cavis
373 608 457 655 undam
468 609 497 656 de
507 608 601 656 flumine
610 610 693 671 palmis

130 673 233 729 Sustulit,
245 687 273 720 ac
282 673 339 720 tales
348 671 444 719 effundit
453 674 578 721 adaetbera
587 689 671 722 voces:
769 680 799 726 70

129 737 254 802 Nympha,
265 737 391 786 Laurentes
406 736 530 801 Nympbae,
539 752 613 799 genus
622 740 729 791 amnibus
740 743 798 790 unde

226 811 267 858 est,
618 808 620 812 ’

127 866 217 930 Tuque,
228 886 243 916 ο
253 867 347 930 Thybri,
358 875 399 916 tuo
408 868 500 930 genitor
509 882 561 916 cum
572 867 667 918 flumine
677 881 765 930 nacto,

128 932 234 995 Accipite
244 933 342 988 AErrean,
354 941 377 980 et
387 933 477 980 undem
489 946 564 980 arcete
574 935 670 995 periclis.

128 998 183 1053 Quo
194 1007 217 1047 te
228 997 398 1060 cumqueluous,
406 999 550 1045 miserantem
558 1000 701 1048 incommoda
709 1008 794 1060 nostra,

128 1062 203 1110 Fonte
213 1069 281 1118 tenet,
293 1078 435 1125 quocumque
445 1063 494 1111 solo
503 1063 667 1126 pulcherrimus
678 1068 742 1125 exis;

127 1128 222 1190 Semper
232 1129 318 1175 bonore
328 1143 386 1184 meo,
398 1143 487 1190 semper
496 1129 635 1176 celebrabere
644 1130 719 1186 donis,

127 1191 241 1255 Corniger
249 1192 401 1254 Hesperidum
412 1192 496 1240 durius
506 1200 612 1255 regnator
623 1209 740 1255 aquarum.

126 1258 197 1306 Adsis
207 1274 222 1305 o
233 1265 327 1312 tautum,
339 1266 363 1305 et
372 1260 464 1320 propius
476 1267 515 1306 tua
524 1260 616 1306 numius
626 1258 711 1307 firmes.

127 1325 165 1372 Sic
176 1331 293 1377 memorat,
304 1323 452 1385 geminasque
461 1323 518 1385 legit
527 1324 556 1369 de
566 1323 638 1370 classe
647 1325 752 1380 biremes,

126 1388 277 1450 Remigioque
288 1395 363 1449 aptat;
380 1390 455 1434 socios
465 1387 532 1434 simul
542 1389 634 1434 instruit
643 1391 719 1437 armis.
760 1392 791 1436 80

157 1452 220 1502 Ecce
235 1460 317 1509 autem,
330 1452 427 1500 subitum
443 1459 510 1515 atque
523 1453 595 1501 oculis
610 1453 711 1503 mirabile
724 1470 789 1504 mou·

221 1524 300 1573 strum,

125 1581 227 1634 Candida
237 1578 277 1646 per
287 1584 366 1631 silvam
378 1599 430 1631 cum
440 1583 489 1632 fetu
499 1584 605 1632 concolor
616 1585 668 1633 albo

124 1648 255 1704 Procubuit,
265 1646 374 1710 viridique
384 1650 408 1696 in
420 1649 487 1696 litore
496 1650 634 1712 conspicitur
644 1667 698 1709 sus;

124 1714 201 1769 Quam
211 1715 262 1776 pius
273 1713 360 1761 AEneas
370 1714 410 1760 tibi
421 1716 489 1770 enim,
500 1715 549 1771 tibi,
560 1715 659 1762 maxima
668 1714 740 1770 June,

123 1778 219 1835 Muctet,
230 1795 293 1827 sacra
301 1778 383 1835 ferens,
395 1787 418 1825 et
429 1794 480 1825 cum
491 1794 565 1841 grege
575 1780 635 1826 sistit
645 1780 674 1827 ad
684 1795 755 1828 mam.
783 1784 786 1789 '

122 1842 222 1907 Thybris
235 1842 263 1892 ed
278 1843 379 1900 fluvium,
390 1844 457 1907 quam
474 1843 543 1906 longa
557 1852 599 1901 est,
614 1852 682 1892 noete
697 1853 787 1893 tumen·

218 1918 265 1958 tem

121 1971 206 2028 Leniit,
218 1982 241 2022 et
251 1972 320 2022 taciti
329 1972 426 2022 refluens
437 1974 469 2020 ita
479 1973 578 2021 substitit
588 1972 657 2031 uudd,

121 2036 188 2084 Mitis
199 2046 225 2085 ut
236 2040 259 2085 in
270 2055 357 2087 morem
369 2039 443 2101 stagni
454 2039 592 2101 placidasque
602 2040 690 2101 paludis

121 2102 238 2150 Sterneret
248 2118 325 2165 sequor
335 2105 404 2165 aquis,
416 2119 479 2150 remo
490 2111 516 2150 ut
525 2103 637 2150 luctamen
650 2105 746 2153 abesset.

119 2166 186 2229 Ergo
196 2166 241 2214 iter
250 2168 364 2229 inceptum
375 2168 487 2225 celerant3
505 2183 595 2215 rumore
605 2169 706 2218 secundo
755 2173 787 2218 9⁰

119 2229 214 2278 Labitur
224 2239 293 2279 uncta
302 2233 366 2280 vadis
376 2234 450 2280 abies:
469 2234 579 2280 mirantur
589 2243 613 2280 et
623 2235 707 2293 undae5

119 2294 219 2344 Miratur
228 2311 308 2343 nemus
318 2297 433 2345 insuetum
442 2297 553 2361 fulgentia
564 2298 640 2360 longe.

118 2362 190 2410 Scuta
198 2361 272 2409 virdm
283 2360 354 2408 durio
364 2363 479 2424 pictasque
487 2364 565 2410 innare
576 2365 672 2412 cariata

117 2426 165 2474 Oili
176 2427 270 2489 remigio
281 2433 370 2473 noctem
387 2442 416 2474 ue
426 2428 530 2489 diemque
539 2427 644 2490 fatigant,

50 2550 52 2554 ,
117 2489 151 2539 Et
161 2491 244 2553 longos
254 2498 359 2554 superant
461 2492 573 2554 variisque
583 2501 694 2555 teguntur

117 2556 248 2612 Arboribus,
259 2555 386 2618 viridesque
394 2563 473 2613 secam
483 2557 572 2620 placido
582 2573 674 2622 equore
684 2556 760 2606 silvu-
