1709 2925
154 126 202 205 sse
345 146 511 201 mosmos
527 148 627 200 anu

156 284 318 340 conserimus3
335 283 418 330 multos
429 281 537 329 Danaum
548 282 685 330 detuittimus
697 282 773 334 Osco.

156 350 288 412 Diffugiunt
299 347 335 394 alii
346 348 374 394 ad
385 362 461 402 naves,
473 355 496 394 et
506 347 573 393 litora
583 362 651 394 cursu

157 415 215 464 Fida
224 419 315 476 petunt:
330 427 386 474 ⁴pars
396 413 513 474 ingentem
522 410 642 458 formidine
652 414 713 475 turpi
777 418 833 462 400

157 479 274 526 scandunt
284 491 361 523 rursus
371 492 461 537 equum,
473 484 497 522 et
508 475 563 523 nora
572 476 701 524 conduntur
711 479 735 525 in
746 479 816 527 alvo.

157 542 226 592 Heu!
245 542 300 589 nilril
310 542 387 589 invitis
397 540 432 588 fus
442 555 575 602 quemquam
587 539 656 587 fidere
666 543 752 601 divis!¹

189 607 258 661 Ecce,
271 607 398 653 trahebatur
408 607 479 667 passis
492 603 604 652 Priameia
615 606 682 667 virgo

157 671 264 723 Crinibus
274 687 287 718 a
298 671 382 734 t'emplo
394 669 522 719 Cassandra
531 670 648 730 adytisque
660 671 786 730 bfinerrae,

156 739 195 787 Ad
206 737 288 784 coelum
299 736 393 783 tendens
404 735 504 782 ardentia
513 735 598 781 lumina
607 734 706 793 lrustra;

156 801 270 859 Luminn;
287 810 339 848 nam
350 808 440 847 teneras
449 800 554 846 arcebant
564 799 654 846 vincula
663 802 757 862 palmas.

156 867 213 915 Non
224 867 275 914 tulit
285 866 342 912 lianc
353 865 451 927 speciem
461 862 544 910 furiatd
553 872 630 910 mente
642 863 762 926 Coroebm,

156 931 190 981 Et
201 947 251 980 sese
260 930 358 977 medium
369 930 446 991 inJ'ecit
455 930 566 991 periturus
576 929 600 975 in
611 944 702 990 agmen.

158 996 323 1057 Consequimur
333 995 416 1048 cuncti,
424 998 448 1040 et
459 993 534 1040 densis
545 993 682 1041 incurrimus
692 998 767 1045 armis.

158 1060 206 1108 Hic
217 1061 312 1122 primum
324 1073 353 1105 ax
364 1058 410 1105 alto
421 1058 505 1104 delubri
517 1058 614 1104 culmine
624 1059 676 1106 telis
772 1066 829 1112 410

156 1124 294 1173 Nostrorum
305 1125 425 1179 obruimur,
437 1124 551 1184 oriturque
561 1123 687 1171 miserrima
697 1127 779 1184 candes,

157 1190 279 1238 Armorum
290 1188 348 1236 facie
358 1196 381 1235 et
392 1188 512 1236 Graiarum
523 1189 719 1249 enorcjubnrum.

157 1253 218 1302 Tum
231 1254 313 1309 Danai,
324 1253 410 1316 gemitu
421 1260 489 1313 atque
499 1259 583 1314 ereptae
592 1253 688 1314 virginis
699 1254 739 1312 ird,

158 1319 266 1380 Undique
276 1319 363 1366 collecti
374 1317 499 1373 invadunt3
515 1317 637 1364 acerrimus
648 1318 717 1380 aljan,

155 1382 191 1432 Et
201 1384 285 1446 gemini
297 1383 391 1438 Atridae,
403 1380 564 1443 Dolopumque
571 1383 685 1430 exercitus
695 1387 780 1434 omnis:

157 1448 255 1496 Adversi
266 1454 332 1511 rupto
343 1461 384 1494 ceu
395 1447 507 1507 quondam
519 1447 608 1494 turbine
618 1449 681 1495 venti

157 1512 300 1575 confligunt,
311 1512 479 1574 Zephyrusque,
491 1511 617 1573 Notusque,
628 1522 653 1560 et
662 1515 730 1564 laetns
741 1516 799 1566 Boia

156 1578 235 1627 Eurus
245 1577 320 1638 equis:
340 1576 438 1623 stridunt
448 1577 518 1632 silrae,
530 1578 640 1638 saevitque
650 1579 742 1628 tridenti

63 1661 65 1666 ·
157 1644 268 1705 Spumeus
279 1648 346 1703 utque
356 1642 403 1688 imo
414 1640 506 1688 Nereus
516 1642 560 1688 ciet
570 1656 662 1702 reqnora
671 1641 750 1695 fundo.

157 1706 195 1755 Illi
206 1708 281 1761 etiam,
293 1708 311 1753 si
322 1721 379 1768 quos
390 1704 484 1753 obscuri
495 1714 561 1753 nocte
571 1721 612 1768 per
622 1709 725 1757 umbram
771 1715 822 1759 420

157 1773 267 1821 Fudimus
278 1771 371 1827 insidiis,
382 1769 475 1833 toldque
484 1771 619 1832 agitavimus
630 1773 692 1829 urbe,

156 1839 289 1903 Appareot3
305 1837 371 1900 primi
382 1836 474 1899 clypeos
484 1835 622 1896 mentitaque
631 1837 678 1884 tela

157 1904 300 1966 Agnoscunt,
312 1910 379 1963 utque
389 1916 429 1948 ors
440 1915 496 1948 sono
507 1900 616 1948 discordia
639 1902 645 1913 “
680 1910 727 1950 ant.

156 1966 224 2017 Ilicet
234 1969 348 2015 obruimur
358 1981 461 2014 numero.
492 1964 628 2027 Primusque
677 1969 753 2017 roebua

158 2031 251 2080 Penelei
263 2031 349 2087 dextrd,
360 2030 432 2078 Divae
442 2030 596 2093 armipotentis
606 2030 635 2077 ad
645 2045 715 2087 uam,

158 2096 304 2154 Procumbit3
320 2097 381 2143 cadit
392 2103 416 2144 et
426 2095 534 2159 Rhipeus,
541 2096 682 2158 justissimus
692 2112 752 2147 unus

158 2160 207 2215 Qui
216 2160 259 2208 fuit
269 2163 293 2208 ln
301 2160 404 2216 Teucria,
415 2168 439 2208 et
450 2161 630 2208 servantissimus
642 2162 717 2223 aequi:

156 2224 204 2273 Dis
214 2225 278 2272 aliter
288 2225 362 2273 visum
372 2242 379 2273 z
396 2232 492 2288 pereunt
503 2224 654 2287 Hypanisque
664 2225 806 2292 Dymasque,

158 2288 250 2339 Conflxi
260 2304 275 2336 a
285 2291 367 2348 sociis;
385 2306 426 2337 nec
435 2298 458 2337 te
467 2297 507 2337 tua
516 2291 618 2352 plurima,
630 2289 729 2350 Panthu,

158 2354 285 2403 Labentem
294 2353 373 2416 pietas,
385 2370 428 2401 nec
439 2355 551 2418 Apollinis
561 2354 632 2401 infida
641 2356 709 2404 texit.
775 2363 822 2408 420

157 2418 222 2467 Iliaci
233 2419 328 2471 cineres,
339 2425 362 2464 et
373 2418 465 2466 flamma
474 2427 575 2467 extrema
585 2434 695 2476 meorum,

158 2484 249 2538 Testor,
260 2485 284 2529 in
292 2496 374 2529 occmu
385 2491 461 2530 vestro
472 2499 514 2531 nec
524 2484 569 2531 tela
578 2499 621 2531 nec
631 2485 689 2532 ullas

158 2547 275 2596 Vrtavisse
284 2547 346 2594 vices
357 2545 480 2606 Danaum
496 2556 526 2604 et,
538 2549 557 2596 si
567 2548 614 2595 lats
623 2547 727 2606 fuissem,

159 2611 195 2658 Ut
205 2613 314 2665 caderem,
325 2612 435 2659 meruisse
444 2627 519 2659 manu.
552 2611 692 2661 Divellimur
701 2614 755 2662 inde

159 2673 248 2739 iphitus
257 2683 282 2723 et
292 2674 368 2724 Pelio
378 2689 468 2726 meeum
474 2694 483 2738 3
497 2692 595 2739 quorum
606 2675 696 2741 Iphitus·
705 2694 760 2736 aro
