1709 2925
376 135 511 197 CULEX.
732 151 783 201 379

85 269 188 318 Viscera
195 265 305 317 Iaetbaeas
315 274 402 330 cogunt
412 272 504 316 manere
514 282 554 331 per
565 269 644 319 undu.

87 335 173 384 Praeds
184 331 307 383 charontis
317 347 385 395 agor:
405 333 472 380 video
483 342 509 380 ut
519 333 640 396 flagrantia
650 338 716 387 taedis

87 400 191 449 Lumina
201 396 328 515 [polim
337 396 425 445 infestis
436 399 512 445 omnia
522 400 605 462 taedis]

90 464 187 526 [Obvia]
223 464 333 526 rsipbone,
345 463 485 525 serpentibus
495 464 594 526 undique
605 467 687 524 cincta,

86 530 124 581 Et
134 529 238 578 flammas
248 536 272 576 et
282 543 344 577 sera
353 529 426 589 quatit
435 529 490 575 mibi
501 530 594 578 verbera
605 530 695 582 Poena:

88 595 205 647 Cerberus
214 602 239 642 et
249 594 303 642 diris
313 592 396 656 flagrat
404 593 523 642 latmtibus
533 609 590 653 ora;

86 661 213 724 Anguibus
223 659 276 707 binc
284 665 352 720 atque
362 660 415 706 binc
425 659 519 709 horrent
529 660 566 706 cui
576 660 635 709 colla
644 664 739 727 reperis,

85 726 290 788 sanguineumque
300 725 386 772 micant
395 725 499 772 ardorem
509 724 601 773 luminis
611 727 684 777 orbes.
713 735 766 779 220

85 791 180 853 Ecquid
190 791 218 838 ab
229 789 304 838 officio
313 790 414 852 digressa
424 797 461 838 est
469 791 549 852 grstia,
561 805 613 838 cum
625 799 649 842 te

86 856 191 905 Restitui
202 855 289 918 superis
298 855 338 902 leti
344 856 394 918 jam
404 854 483 903 limine
493 856 521 902 ab
531 855 599 918 ipso?

84 921 188 971 Praemia
199 922 236 969 nbi
245 919 354 1000 pietatis?
370 921 408 968 ubi
418 921 508 983 pietatis
518 920 634 970 bonores?

83 985 116 1035 ln
127 1000 198 1034 ranas
207 984 283 1033 abiere
292 986 354 1034 vices
362 998 381 1043 3*
387 992 411 1033 et
420 1001 474 1033 rure
484 987 577 1035 oeooesit

83 1051 187 1107 Iustitia,
198 1058 222 1099 et
232 1052 294 1113 prior
303 1051 343 1098 iila
353 1050 429 1099 Fides.
462 1050 575 1099 instanlia
584 1052 631 1100 vidi

86 1117 200 1174 Alterius,
211 1118 261 1164 sine
272 1123 376 1178 respectu
385 1131 437 1166 mea
447 1115 494 1164 fota
504 1117 641 1178 relinquens.

84 1184 127 1233 Ad
137 1183 218 1246 pariles
228 1197 286 1244 agor
295 1188 407 1229 eventus:
426 1181 457 1228 sit
467 1197 536 1244 poena
545 1184 657 1240 merentir

85 1249 163 1298 Poena
174 1248 203 1295 sit
209 1247 323 1303 exitium
340 1247 409 1294 modo
419 1247 450 1293 sit
460 1246 515 1294 dum
525 1253 592 1309 grata
601 1248 714 1304 voluntas,

84 1313 192 1365 Exsistet
202 1327 243 1375 pur
253 1311 360 1359 officium.
392 1310 466 1360 Feror
476 1313 527 1360 aria
534 1326 636 1375 carpens,
708 1318 759 1366 280

85 1379 151 1429 Avis
162 1376 298 1427 Cimmerios
308 1376 367 1424 inter
377 1376 485 1425 distantia
494 1377 573 1425 lucos:

84 1445 149 1502 Qun
160 1445 225 1500 circa,
236 1442 313 1492 triutes
323 1442 447 1491 densentur
457 1442 481 1491 in
491 1443 568 1492 omnia
577 1457 661 1507 poenae.

80 1511 148 1562 Nam
159 1511 249 1557 rinctus
260 1508 324 1557 sedet
333 1508 439 1556 immanis
448 1510 590 1572 serpentibus
600 1509 669 1568 Otos,
687 1543 689 1550 ·

81 1577 228 1627 Derinctum
238 1580 335 1622 moestns
345 1574 424 1636 procul
435 1574 561 1637 adspiciens
572 1574 709 1637 Ephialten:

80 1641 170 1694 Consti
180 1655 232 1689 cam
243 1640 290 1688 sint
299 1639 413 1702 quondam
422 1640 552 1687 rescindere
560 1640 683 1689 mundumr

80 1707 118 1760 Et
128 1705 218 1768 Tityos,
230 1703 326 1760 Latona,
335 1711 382 1753 ture
392 1719 480 1752 memor
491 1705 572 1753 anxius
581 1706 629 1762 irae,

78 1771 248 1889 &implacabilis
257 1770 290 1818 iro
300 1770 368 1818 nimis
375 1768 395 1831 !)
407 1771 471 1833 jacet
480 1770 541 1818 alitis
551 1784 610 1817 esca.

105 1853 188 1893 erreor,
199 1838 228 1885 alr
237 1836 243 1885 l
261 1836 331 1884 tantis
340 1835 447 1885 insistere
456 1842 542 1883 terreor
549 1835 642 1890 umbris,

79 1905 121 1954 Ad
134 1902 226 1965 Stygias
235 1908 355 1949 revocatus
364 1916 442 1963 aquas
473 1900 523 1948 Vix
532 1901 626 1948 ultimus
636 1900 697 1950 amni

78 1970 173 2024 Exstat,
184 1974 300 2015 nectareas
311 1966 401 2015 Divom
411 1967 450 2028 qui
460 1966 558 2029 prodidit
568 1981 640 2022 escas,
705 1970 755 2017 2⁴0
773 1989 775 1998 ·

80 2037 185 2086 Gutture
196 2033 306 2080 abarenti
316 2032 426 2080 revolutis
436 2029 537 2079 fluminis
547 2032 622 2079 undis.

78 2100 153 2157 Quid,
164 2113 244 2147 mum
254 2096 333 2160 procul
344 2098 440 2145 adverso
449 2098 489 2159 qui
499 2104 579 2146 monte
588 2097 692 2154 revolvit,

78 2165 185 2216 Numina
195 2163 344 2212 contemsisse
353 2163 418 2212 dolor
427 2178 496 2225 quem
506 2163 579 2210 vincit
587 2164 689 2220 acerbus.

78 2232 137 2282 oric
146 2237 286 2293 querentem
296 2227 381 2277 frrrstra
391 2229 448 2286 sibi;
464 2228 547 2290 quidve
557 2228 651 2292 praellae

78 2298 142 2348 Dira
152 2297 232 2359 quibus
240 2294 313 2342 tedas
323 2294 426 2342 accendit
436 2295 539 2356 pronuba
548 2293 659 2356 Erinnys,

79 2364 160 2429 (Sicut
171 2359 271 2422 Hymen
276 2374 382 2422 praesaga
391 2360 454 2407 dedit
464 2360 576 2408 connubia
584 2358 676 2418 mortis)

79 2430 159 2490 Atque
169 2426 224 2473 alias
235 2425 279 2472 alio
290 2426 371 2473 denset
380 2440 449 2487 super
458 2426 551 2489 agmine
561 2423 667 2473 turmas?

77 2493 200 2556 Impietate
209 2488 258 2539 tert
267 2491 388 2538 vecordem
399 2488 512 2539 Colchida
521 2498 618 2538 matrem

78 2559 157 2609 Anxia
168 2557 270 2605 sollicitis
279 2555 427 2606 meditantem
436 2556 532 2603 vulnera
542 2553 619 2602 natis?
704 2589 709 2605 ,

78 2626 119 2674 An
131 2622 270 2671 Pandionias
279 2622 417 2670 miseramus
427 2620 491 2684 prole
500 2619 605 2684 puellas?
703 2621 752 2665 250

79 2690 184 2747 Qramm
194 2702 243 2738 ccx
250 2687 285 2737 eit
293 2686 350 2751 ltyn
361 2693 386 2737 et
395 2684 469 2748 Itynr
484 2700 530 2749 qao
542 2684 712 2750 Bistoniusrex
