1709 2925
158 131 205 177 les
349 127 513 178 AENEIDOS
529 129 582 180 Lm.
593 129 629 180 II.

156 254 267 308 Procedo,
278 260 301 301 et
313 253 396 302 Priami
407 257 472 304 sedes
482 271 602 319 arcemque
611 244 694 307 reciso.
776 263 827 310 760

156 318 190 368 Et
195 320 244 383 jam
254 320 375 381 porticibus
385 324 463 369 vacuis
473 320 571 370 Junonis
581 323 645 385 asylo

157 382 270 433 Custodes
280 384 339 438 lecti.
352 384 451 433 Plroenix
461 393 485 433 et
495 387 556 434 dirus
568 387 672 450 Ulysses,

59 483 61 487 <
156 447 260 497 Praedam
270 451 419 497 asservabant.
452 451 507 498 Huc
518 452 616 514 undique
626 452 769 518 Troiugaza

155 510 259 560 lucensis
269 521 346 576 erepta
355 516 435 576 adytis,
446 531 576 578 mensaeque
585 518 686 576 deorum,

155 575 306 640 crateresque
316 595 370 627 auro
382 580 454 637 solidi,
465 583 596 643 captivaque
606 585 677 631 vestis

157 640 302 705 congeritur.
335 644 403 692 Pueri
413 654 437 693 et
446 646 533 708 pavide
543 648 613 711 longo
624 649 703 696 ordine
712 655 796 697 matres

157 708 224 757 Stant
234 709 327 758 circum.

155 773 235 820 Ausus
245 775 299 835 quin
310 775 376 822 etiam
388 790 456 823 uoces
462 777 550 839 jactare
558 792 599 840 per
609 778 717 834 umbram,

156 835 252 902 Implevi
263 840 361 887 clamore
370 841 426 895 ulus,
437 849 577 903 moestusque
588 840 698 891 creusam

155 901 314 965 Nequidquam
330 905 473 968 ingeminans
494 907 619 969 iterumque
636 908 762 969 iterumque
777 922 819 954 vo-

252 969 309 1015 cavi.
771 976 821 1020 770

158 1031 283 1087 Quaerenti,
294 1041 317 1080 et
328 1034 394 1081 tectis
405 1036 466 1082 urbis
477 1036 526 1083 sine
536 1034 581 1084 due
590 1035 680 1092 furenti.

156 1095 240 1144 Infelix
251 1098 393 1145 simulacrum
404 1108 472 1161 atque
483 1101 552 1163 ipsius
562 1102 640 1149 umbra
651 1100 746 1151 Creiisre

135 1182 140 1191 ¹
157 1160 214 1208 Vua
224 1163 278 1208 mihi
289 1171 341 1210 ante
352 1166 436 1220 oculos,
448 1172 471 1212 et
482 1164 537 1212 notri
547 1168 618 1229 major
629 1167 713 1229 imago.

156 1224 274 1289 Obstupui,
286 1235 440 1291 steteruntque
451 1245 529 1284 comae,
540 1240 564 1278 et
574 1246 620 1278 vox
629 1231 732 1281 faucibus
742 1232 814 1279 hesir.

155 1288 217 1338 Tum
229 1293 261 1339 sic
272 1293 340 1349 affari,
351 1303 375 1342 et
385 1310 450 1342 curas
461 1295 496 1342 his
507 1295 596 1343 demere
607 1296 689 1344 dictis:

157 1354 220 1410 Quid
230 1364 316 1405 tantum
328 1353 406 1406 insano
412 1361 480 1422 juvat
491 1361 607 1423 indulgere
618 1361 697 1418 dolori,

156 1419 179 1469 0
190 1420 260 1469 dulcis
270 1423 372 1471 con‘uxi
388 1439 434 1472 non
445 1425 495 1474 lroec
505 1425 554 1474 sine
564 1426 656 1474 numine
667 1426 757 1476 Divdm

155 1484 280 1535 Eveniunt
310 1439 363 1536 ileo
371 1497 394 1536 te
405 1491 458 1537 hinc
468 1492 573 1539 comitem
585 1499 699 1555 reportare
711 1492 816 1543 Creiisrm

155 1548 209 1605 Fas,
221 1559 260 1598 sut
269 1553 307 1600 ille
319 1554 372 1601 sinit
382 1556 457 1618 superi
468 1565 574 1619 regnator
585 1556 686 1620 Olympi.
772 1561 820 1605 779

155 1614 239 1679 Longa
250 1618 289 1664 tibi
301 1619 384 1675 exsilia,
396 1629 419 1667 et
430 1628 519 1668 vastum
530 1623 597 1670 maris
609 1638 687 1684 aequor
697 1623 816 1678 arandum

155 1682 189 1732 Et
199 1689 280 1729 terram
293 1682 429 1745 Hesperium
440 1687 531 1743 reuies3
549 1688 586 1734 ubi
597 1686 693 1748 Lydius,
704 1703 759 1736 erre

155 1748 220 1797 Inter
231 1749 305 1809 opime
315 1749 396 1804 uirdm,
407 1750 452 1797 leni
465 1750 514 1797 fluit
525 1752 616 1813 agmine
625 1752 732 1815 Th5bris.

155 1812 207 1862 Illic
219 1827 254 1861 res
265 1814 330 1870 letae,
343 1830 489 1877 regnumque,
501 1823 524 1862 et
535 1818 598 1879 regia
609 1818 692 1880 conjux

156 1879 226 1928 Parta
236 1880 290 1936 tibi3
308 1880 418 1941 lacrymas
429 1880 517 1927 dilectae
527 1882 586 1943 pelle
597 1880 698 1930 Creiisae.

153 1941 211 1991 Non
223 1960 267 2007 ego
279 1944 452 2005 Myrmidonum
464 1946 528 1992 sedes
539 1945 687 2008 Dolopumve
698 1949 802 2013 superbas

153 2007 291 2070 Adspiciem,
303 2016 341 2056 unt
352 2010 428 2057 Graiis
438 2010 546 2056 servitum
557 2012 665 2059 matribus
674 2012 718 2070 riso,

154 2071 276 2126 Dardanis,
288 2081 311 2120 et
321 2074 380 2121 divae
392 2074 490 2122 Ve‘neris
500 2089 584 2122 nurus:

156 2137 202 2184 Sed
212 2151 249 2183 me
259 2152 343 2199 magna
354 2138 432 2186 Deilm
445 2140 551 2187 Genitrix
562 2140 597 2187 his
608 2141 694 2189 detinet
704 2144 757 2191 oris.

154 2199 253 2261 Jamque
262 2202 319 2254 vale,
331 2209 354 2248 et
365 2205 411 2250 nati
422 2219 488 2251 serva
497 2206 623 2252 communis
634 2221 743 2254 umorem.

155 2264 217 2313 Haec
229 2266 264 2313 ubi
276 2266 335 2312 dicta
345 2267 413 2323 dedit,
430 2269 598 2331 lacrymantem,
616 2278 639 2319 et
655 2272 727 2320 multa
742 2272 816 2319 volen-

252 2338 297 2378 tem
772 2339 815 2384 790

155 2393 247 2451 Dicere.
259 2395 363 2450 deseruit,
374 2403 499 2459 tenuesque
509 2400 600 2447 recessit
610 2400 633 2446 in
645 2414 723 2449 auras.

154 2459 202 2506 Ter
213 2467 306 2507 conatus
317 2461 346 2506 ibi
357 2462 415 2508 collo
426 2463 480 2509 dure
489 2465 578 2510 brachia
588 2465 687 2523 circum;

154 2521 202 2569 Ter
212 2525 294 2572 frustra
305 2539 437 2588 comprenso
446 2542 526 2574 manus
537 2528 617 2589 effugit
626 2529 710 2592 imago,

128 2579 141 2644 ἶ
156 2585 203 2635 Par
213 2590 299 2638 levibus
309 2590 389 2647 ventis,
400 2591 531 2653 volucrique
541 2592 654 2642 simillima
664 2586 765 2667 romum]
