1709 2925
115 94 164 147 ur
297 87 462 156 munrnos
479 86 595 136 nuru.

114 219 283 281 Arboribusque
294 219 392 282 ratisque
401 220 458 273 lues,
470 226 494 267 et
504 219 578 266 letifer
589 234 672 267 annus.

114 280 257 345 Linquebant
268 285 344 331 dulces
355 286 448 338 animas,
460 291 500 330 aut
510 299 573 344 aegra
583 286 705 332 trabebant
748 290 799 333 140

115 349 234 410 Corpora3
252 354 300 393 tum
312 347 400 395 steriles
411 350 507 394 exurere
518 347 591 395 Sirius
602 365 686 410 ngros;

114 414 216 462 Arebaut
226 413 308 466 herbae,
317 419 340 458 et
351 412 436 459 victum
448 428 514 474 seges
526 429 588 474 aegra
599 416 705 476 negabat.

113 477 204 526 Rursus
213 476 242 524 ad
252 476 351 524 oraclum
364 475 469 539 Ortygiae
480 475 637 540 Pboebumque
647 496 763 528 remenso

114 542 228 590 Hortatur
239 548 301 604 pater
312 542 345 588 ire
355 543 418 597 mari,
429 543 564 602 veniamque
575 545 661 604 precari
667 562 676 602 ς

115 608 191 663 erarn
202 606 268 654 fessis
277 605 346 655 finem
358 607 423 654 rebus
434 605 507 664 lerat3
525 608 584 654 unde
595 608 699 656 laborum

111 671 213 722 Tentare
222 672 329 719 auxilium
336 673 430 734 jubeat3
445 687 491 732 quo
502 680 590 719 vertere
597 689 686 720 cursus.

114 777 118 799 Ἄ
146 736 203 784 Nox
213 745 268 793 erat,
279 745 302 785 et
313 739 379 783 terris
386 736 492 784 animalia
502 753 596 785 somnus
607 739 710 786 babebat.

113 800 211 865 Effigies
219 818 292 850 sacrae
304 800 392 849 Divum
404 801 545 865 Phrygiique
554 802 660 859 Penates,

112 868 180 923 Quos
190 883 278 919 mecum
289 883 303 914 a
313 865 383 929 Trojri
393 866 517 928 mediisque
527 882 556 914 eu
566 869 656 929 ignibus
667 869 728 916 urbis

112 932 255 988 Extuleram,
267 933 309 978 visi
320 939 373 978 ante
384 933 462 978 oculos
473 934 560 979 adstare
568 934 665 995 jacentis
733 935 792 990 159

112 996 235 1052 Insomnis,
247 997 318 1043 multo
330 996 442 1043 manifesti
453 997 544 1053 lumine,
555 996 600 1058 qui
611 1013 636 1044 se

112 1060 186 1111 Plena
196 1078 236 1124 per
246 1064 341 1109 insertus
351 1062 458 1108 fundebat
468 1062 522 1109 luna
532 1061 656 1111 fenestras:

112 1127 174 1175 Tum
186 1128 218 1174 sic
229 1124 297 1180 affari,
306 1134 329 1174 et
340 1142 404 1181 curas
415 1127 451 1173 bis
462 1128 551 1174 demere
562 1128 642 1174 dictis:

114 1192 183 1246 Quod
194 1192 233 1239 tibi
245 1188 318 1243 delato
330 1191 451 1254 Ortygiam
462 1192 562 1239 dicturus
573 1193 658 1254 Apollo
670 1199 712 1248 est,

113 1256 162 1304 Hie
173 1259 248 1315 eanit;
265 1265 288 1304 et
297 1265 335 1305 tua
346 1273 387 1304 nos
398 1272 426 1304 en
439 1257 498 1304 ultro
510 1258 624 1305 adlimina
634 1259 713 1304 mittit.

111 1321 164 1370 Nos
175 1329 205 1377 te,
218 1321 333 1370 Dardanii
343 1319 442 1378 incensi,
454 1330 537 1384 tuaque
548 1338 609 1370 arma
617 1323 707 1381 secuti3

111 1385 171 1443 Non,
183 1387 293 1433 tumidum
305 1388 346 1434 sub
357 1395 380 1433 te
390 1389 503 1449 permensi
514 1389 621 1435 elassibus
632 1404 719 1450 sequor,

111 1453 173 1565 {pm
184 1459 292 1500 venturos
303 1452 408 1500 tollemus
419 1454 443 1501 iu
454 1464 515 1502 nstra
526 1461 626 1516 nepotes,

150 1518 280 1579 periumque
291 1519 339 1565 urbi
351 1519 459 1574 dabimus
473 1537 475 1541 ·
492 1518 529 1566 Tu
540 1518 625 1566 moenia
634 1518 727 1581 magnis

111 1582 202 1645 Magna
212 1597 271 1646 para,
283 1582 423 1646 longumque
433 1584 497 1645 fugae
508 1599 537 1630 ne
547 1584 624 1643 linque
634 1584 745 1631 laborem·

111 1646 233 1698 Mutandae
244 1648 316 1694 sedes.
348 1647 403 1695 Non
415 1650 464 1695 haec
475 1649 514 1694 tibi
525 1648 590 1695 litora
602 1649 673 1695 suasit
737 1649 780 1696 161
797 1669 800 1672 ’

110 1710 201 1768 Delius,
213 1720 252 1760 aut
264 1711 341 1761 Cretae
347 1714 416 1775 jussit
427 1714 550 1768 considere,
562 1712 655 1774 Apollo.

109 1775 157 1826 E'st
167 1779 237 1832 locus,
250 1777 399 1842 (Hesperiam
411 1778 480 1828 Graii
486 1779 623 1839 cognomine
634 1777 725 1839 dicunt)

111 1842 186 1908 Terra
195 1845 292 1905 antiqua,
304 1851 384 1906 potens
396 1844 471 1897 armis,
482 1850 550 1904 atque
560 1844 628 1889 ubere
637 1843 729 1906 glebae3

112 1908 205 1955 OEuotri
216 1906 306 1956 coluere
315 1909 374 1955 viri:
393 1924 454 1956 nuuc
464 1907 530 1964 sama,
542 1909 642 1955 minores

110 1970 200 2020 Italiam
211 1974 301 2027 dixisse.
313 1974 376 2021 ducis
387 1974 415 2020 de
426 1974 524 2028 nornine,
535 1980 644 2035 gentem:

110 2035 159 2094 Hae
171 2038 234 2084 nobis
245 2037 344 2100 propriae'
351 2038 432 2096 sedes;
449 2039 501 2084 bino
513 2036 636 2085 Dardanus
646 2045 720 2095 ortus,

109 2097 227 2163 Iasiusque
237 2110 306 2165 pater,
318 2119 391 2166 genus
402 2119 468 2165 aquo
478 2104 579 2165 principe
590 2111 702 2150 nostrum.

110 2165 185 2229 Surge
195 2181 244 2227 age,
257 2175 279 2213 et
290 2169 340 2218 haec
350 2169 417 2215 laetus
428 2169 536 2230 longaevo
547 2168 608 2214 dicta
618 2169 707 2229 parenti

108 2230 180 2279 Haud
188 2232 308 2279 dubitanda
319 2232 377 2280 reler
383 2250 392 2290 ;
409 2231 545 2294 Corythum,
554 2240 672 2293 terrasque
683 2232 782 2295 requirat

108 2296 229 2345 Ausonias
263 2296 355 2344 Dictaeu
366 2307 436 2359 negat
447 2299 486 2344 ribi
497 2297 588 2359 Jupiter
598 2313 659 2345 arva.
735 2300 778 2346 171

108 2360 202 2409 Talibus
213 2363 322 2409 attonitus
333 2363 393 2420 visis,
405 2378 432 2410 ao
440 2379 497 2412 voce
505 2362 616 2418 Deorum,

107 2427 172 2548 i⁷Nec
184 2442 251 2489 sopor
258 2427 313 2486 illud
324 2434 386 2488 erat3
404 2428 444 2475 sed
455 2444 530 2475 coram
542 2442 667 2490 agnoscere
678 2427 763 2484 vultur,

132 2494 245 2553 elatasque
255 2506 338 2547 comas,
350 2494 516 2553 praesentiaque
527 2507 566 2548 ora
577 2493 686 2550 videbun

106 2555 167 2603 Tum
178 2556 266 2619 gelidus
277 2563 326 2603 toto
337 2556 442 2603 manabat
452 2572 547 2617 corpore
557 2554 637 2616 sudor)

19 2645 22 2656 ¹
106 2620 210 2684 Corripio
220 2636 234 2669 e
244 2621 320 2684 atratis
330 2635 418 2685 corpus,
430 2620 543 2684 tendoque
553 2620 646 2683 pupinus
