1709 2925
123 152 174 198 reo
296 144 467 224 ⁶orminos
483 143 621 208 muru.

119 276 192 325 Hanc
200 273 273 325 Jannr
282 284 351 339 pater,
362 278 420 324 banc
432 277 542 325 Saturnus
553 277 653 324 condidit
663 291 755 325 arcemn

120 340 250 391 Janiculum
262 342 320 396 huie,
330 342 363 388 illi
373 341 446 389 fuerat
458 342 563 389 Satumin
573 357 664 389 nornen.

153 404 247 454 Talibus
257 407 316 452 inter
326 422 351 453 ae
361 408 427 454 dietis
437 407 466 454 ad
476 413 536 453 tectu
547 408 651 453 subibant

121 468 231 532 Pauperis
242 469 354 527 Euandri,
363 474 493 533 passimque
497 479 604 518 ermenta
613 472 723 518 ridebant

121 534 272 596 Romanoque
283 534 344 583 Foro
354 544 377 583 et
386 536 453 584 lautis
463 537 551 598 mugire
562 534 659 584 Carinis.
742 538 786 582 861

122 598 158 646 Ut
168 607 260 646 ventum
272 600 301 647 ad
312 601 382 655 redeo,
395 601 463 656 Haec,
474 602 554 660 inquit,
565 601 645 648 limine
654 602 731 648 victor

122 664 214 711 Alciden
226 665 306 722 aubiit3
325 666 373 713 haec
384 665 447 712 illurn
458 666 521 728 regia
532 666 599 728 cepit.

66 732 69 750 ¹
122 729 198 784 Aude,
208 730 297 792 hoapea,
305 737 450 777 contemnere
460 745 523 792 open,
531 738 555 776 et
562 738 586 777 te
592 745 683 791 quoque
693 730 789 793 dignum

122 793 197 856 Fruge
209 793 262 842 Deo
268 812 276 852 3
293 795 403 856 rebusque
413 796 466 842 reni
477 810 523 842 non
534 810 600 858 asper
609 796 697 858 egenis.

122 858 198 914 Dixit,
210 866 234 906 et
244 861 335 922 angusti
345 861 421 907 subter
430 860 521 921 fastigia
531 860 586 907 tecti

122 921 244 986 Ingentem
255 924 346 972 AEnenn
357 925 427 978 duxit,
439 926 557 985 numisque
567 925 653 972 locarit

68 1046 73 1054 ·
121 987 234 1036 Effultum
244 988 303 1036 ioliin
313 996 337 1036 et
346 990 405 1052 pelle
416 988 541 1050 Libystidis
551 1005 618 1036 ureae.

122 1052 180 1100 Nox
190 1055 241 1109 ruit,
253 1060 276 1100 et
284 1052 355 1101 furcis
365 1055 469 1102 tellurem
480 1055 621 1118 amplectitur
632 1054 681 1102 alia.

155 1118 189 1164 At
193 1117 273 1165 Venus
282 1119 340 1165 baud
351 1120 583 1181 animonequidquam
591 1120 699 1167 exterrita
708 1124 787 1171 mater,

123 1181 310 1244 Laurentumque
319 1184 387 1232 minis
397 1192 421 1232 et
431 1186 488 1232 duro
498 1192 560 1232 mota
570 1185 675 1239 tumultu,
739 1185 785 1230 371

123 1247 252 1295 Vulcanum
263 1248 390 1311 alloquitur,
398 1250 598 1311 thalamoquehaec
605 1251 711 1313 conjugia
719 1261 787 1297 aureo

122 1311 214 1376 Incipit,
225 1321 249 1361 et
259 1315 325 1361 dictio
335 1316 436 1362 divinum
447 1315 544 1377 adspirat
554 1323 669 1362 amorem:

122 1377 188 1427 Dum
198 1379 257 1426 bello
269 1378 371 1442 Argolici
382 1381 500 1428 vastabant
510 1379 623 1443 Pergama
632 1395 700 1442 regen

123 1441 214 1498 Debita,
226 1458 360 1507 eaaurnaque
370 1446 467 1493 inimicis
477 1446 566 1509 ignibus
577 1460 646 1501 arces,

106 1507 179 1574 xNon
190 1507 261 1555 ullum
273 1511 380 1557 auxilium
391 1512 486 1565 miserie.
497 1526 543 1558 non
554 1525 616 1558 arma
628 1510 709 1573 rogari

122 1574 188 1623 Artis
198 1574 291 1635 opisque
301 1582 363 1633 tuae3
379 1586 422 1623 nec
433 1583 465 1633 te,
476 1576 590 1624 carissime
600 1577 692 1640 conjux,
737 1583 740 1589 '

122 1637 270 1688 Incaccumve
280 1647 332 1688 tuoe
342 1641 403 1688 volui
414 1656 520 1688 exercere
529 1641 631 1698 laborem

123 1704 235 1759 Quamvis
244 1713 268 1753 et
279 1703 363 1752 Priami
374 1707 477 1753 deberem
487 1706 583 1767 plurima
593 1706 658 1761 untia,

122 1767 156 1815 Et
166 1770 247 1816 durum
258 1769 342 1818 AEneae
351 1770 466 1817 deviarem
477 1786 537 1833 oaepe
546 1771 653 1818 laborem.
740 1773 787 1817 38⁰

122 1831 194 1881 Nunc
203 1834 271 1884 Jovia
281 1836 379 1898 imperiia
389 1834 527 1883 Rutulorum
538 1836 641 1884 constitit
650 1835 710 1883 oric:

122 1896 189 1961 Ergo
200 1901 277 1947 endem
289 1902 382 1963 aupplex
392 1901 467 1955 venio,
478 1907 502 1948 et
513 1908 615 1949 nanctum
626 1900 682 1947 mihi
693 1913 776 1949 numen

123 1964 197 2021 Arma
206 1980 270 2026 rogo,
281 1967 380 2029 genitrix
389 1972 451 2012 nato·
483 1964 519 2012 Te
529 1964 575 2012 filia
585 1963 663 2020 Nerei,

123 2026 160 2074 Te
170 2027 243 2089 potuit
253 2030 358 2091 lacrymis
368 2028 477 2077 Tithonia
486 2029 577 2077 flectere
588 2031 678 2093 conJ'ux.

124 2092 232 2153 Adspice,
244 2095 281 2154 qui
292 2095 373 2141 cn'eant
383 2096 466 2157 populi,
477 2110 529 2156 quae
536 2095 621 2142 moenia
631 2095 714 2142 clauaia

122 2154 219 2203 Ferrum
230 2166 313 2205 acuant
322 2160 392 2221 portia
403 2162 426 2206 in
438 2175 475 2207 me
485 2160 642 2219 excidiumque
652 2173 762 2206 meomm.

123 2218 237 2277 Dixerat3
255 2229 278 2268 et
289 2223 361 2269 niveis
372 2225 424 2272 hinc
435 2233 502 2285 atque
512 2224 565 2271 binc
576 2223 638 2271 Dira
647 2224 739 2270 lacerti·

25 2322 31 2335 .
125 2281 276 2334 cunctantem
288 2287 393 2348 amplexu
404 2289 467 2336 rnolli
475 2288 546 2336 foret.
578 2287 621 2335 ille
632 2295 727 2350 repente

119 2349 221 2413 ,Accepit
231 2351 319 2398 rolitam
330 2350 462 2412 flammam3
479 2361 590 2414 notuaque
599 2352 711 2403 medullas

123 2413 223 2461 Intravit
233 2415 300 2470 calor,
312 2423 336 2462 et
344 2416 454 2464 labefacta
463 2434 503 2480 per
514 2434 566 2465 neca
576 2418 689 2474 cucurrit3
740 2421 788 2466 890

123 2476 257 2535 Nonyaecua
267 2488 334 2541 atque
345 2481 405 2535 olim,
416 2484 502 2529 tonitru
513 2497 565 2529 cum
576 2488 642 2543 rupta
652 2494 747 2531 corusco

122 2539 200 2651 ltin
206 2545 264 2654 tl:
272 2545 677 2657 'ilit‘¹tt{l¹2l0¹l·litttl⁰‘

121 2665 183 2714 Turn
194 2677 260 2732 pater
267 2677 353 2722 aeterno
362 2672 550 2747 iaturdermctur
560 2625 652 2724 andrea
707 2734 712 2742 ἡ

846 235 849 354 l
