1709 2925
237 151 402 211 AENEIDOS
414 155 473 209 'Ln-
481 157 530 211 VI.

43 296 104 345 Tum
115 292 203 357 Stygio
215 291 278 355 Regi
288 299 409 339 nonnanes
419 292 511 341 incboat
521 307 578 349 aras,

44 362 79 411 Et
89 361 162 407 solida
172 359 272 421 imponit
282 365 397 404 taurorum
407 358 496 406 viscera
505 358 609 415 flammis,

47 426 137 489 Pingue
149 438 219 486 saper
229 423 305 469 oleum
315 422 437 470 infundens
447 424 574 471 ardentibus
584 426 651 473 extis.

49 490 110 539 Ecce
120 496 206 544 autem,
217 488 284 550 primi
295 489 336 534 sub
346 488 432 534 lumina
442 489 496 536 solis
506 495 530 535 et
540 497 611 545 ortus,

51 557 95 603 Sub
105 555 202 618 pedibus
212 553 301 614 mugire
311 551 390 607 solum,
401 560 425 599 et
432 554 490 615 juga
499 556 671 616 coeptsmoveri

52 621 170 674 Silvarum,
182 618 284 678 visaeque
294 631 362 663 canes
372 617 459 663 ululare
468 633 509 679 per
519 620 627 675 umbram,

52 685 199 733 Adventante
209 681 271 729 nea
303 681 392 737 Procul,
404 697 425 736 o,
437 683 517 743 procul
526 689 582 740 este,
593 684 686 747 profani,

53 749 187 798 Conclamat
197 755 267 801 asten
279 752 372 807 totoque
383 746 484 794 absistite
492 747 559 806 luco3

53 814 132 876 Tuque
142 813 227 861 invade
237 813 304 867 mam,
314 810 443 873 vaginique
453 813 514 875 eripe
523 811 622 859 serrum:
673 818 723 862 260

54 879 121 926 Nunc
128 878 215 926 animis
226 892 288 940 oque
300 876 382 931 AEnea
394 892 455 923 nunc
465 885 557 940 pectore
567 876 640 925 firmo.

54 942 152 991 Tantum
164 943 238 996 effata,
248 942 325 988 furens
336 948 401 988 antro
412 957 437 989 se
448 943 542 989 immisit
552 950 643 1005 aperto:

55 1007 95 1056 Ille
106 1010 188 1056 ducem
200 1007 260 1054 baud
270 1006 354 1053 timidis
364 1007 485 1054 vadentem
496 1007 597 1071 passibus
608 1016 691 1068 oequat.

84 1071 127 1130 Di,
144 1073 225 1134 quibus
242 1071 361 1133 imperinm
381 1079 416 1119 est
435 1073 566 1129 animarum,
584 1072 724 1137 Umbraeque

150 1138 249 1189 silentes,

56 1202 87 1251 Et
97 1201 183 1256 Chaos,
194 1209 218 1247 et
229 1200 381 1263 Phlegethon,
392 1202 444 1250 loca
454 1209 520 1249 nocte
530 1206 629 1251 tacentia
638 1205 691 1261 late,

58 1270 90 1317 sit
100 1268 156 1314 mibi
166 1266 201 1313 ias
212 1266 287 1313 audita
297 1267 373 1327 loqui3
391 1269 427 1322 sit,
439 1268 531 1314 numine
542 1276 625 1325 vestro,

60 1332 162 1381 Pandere
173 1346 208 1377 res
219 1329 265 1377 dat
275 1329 335 1378 terri
345 1338 369 1378 et
379 1332 477 1393 caligine
487 1346 579 1380 mersas.

58 1397 122 1445 Ibant
134 1398 222 1444 obscuri
233 1394 282 1442 soli
292 1397 333 1443 sub
344 1402 412 1443 nocte
421 1412 463 1459 per
472 1399 580 1455 umbram,

60 1464 148 1524 Perque
158 1462 238 1508 muros
246 1459 310 1509 Dltis
320 1476 411 1521 vacuas,
422 1470 447 1510 et
457 1464 532 1511 inania
542 1475 625 1529 regnat

60 1529 132 1583 Quale
142 1543 183 1589 per
192 1527 301 1574 incertam
311 1527 388 1574 lunam
400 1529 442 1575 sub
451 1529 502 1575 luce
511 1529 613 1591 maligni
676 1531 726 1577 270

59 1593 101 1641 Est
110 1594 156 1639 iter
166 1593 190 1639 in
201 1591 271 1647 silvis,
282 1593 319 1638 ubi
330 1593 413 1639 coelum
423 1594 524 1641 condidit
534 1594 613 1642 umbri

51 1657 190 1721 “lupinae
200 1657 265 1704 rebus
276 1671 323 1704 nox
333 1658 423 1704 abstulit
433 1666 482 1706 atra
491 1660 598 1706 colorem.

60 1721 202 1771 Vestibulum
213 1728 267 1769 ante
277 1723 349 1785 ipsum
360 1723 482 1784 primisque
492 1724 516 1770 in
526 1723 628 1770 lancibus
639 1722 694 1769 Orci

60 1789 147 1836 Laetus
158 1795 181 1835 et
192 1784 283 1834 ultrices
293 1785 388 1850 poenire
399 1789 480 1836 cubilia
491 1786 576 1845 Curae3

61 1854 218 1913 Pallentesque
227 1852 328 1899 habitant
339 1852 424 1908 Morbi,
435 1853 550 1913 tristisque
561 1853 678 1905 &neutra

60 1919 92 1966 Et
103 1918 189 1974 Metus,
200 1923 225 1964 et
234 1916 363 1965 malesuada
373 1917 463 1972 Fames,
475 1932 502 1963 ac
513 1917 585 1978 turpis
596 1916 695 1978 Egestas
701 1933 711 1977 ς

61 1983 180 2031 Terribiles
190 1983 242 2030 visu
251 1981 347 2039 formae3
364 1982 500 2043 Letumque,
513 1981 631 2043 Labosque
637 1999 645 2040 ς

61 2049 120 2097 Tnm
131 2047 313 2109 coamnguineus
324 2047 377 2094 Leti
389 2047 464 2110 Sopor
470 2065 478 2107 3
493 2053 517 2094 et
527 2047 586 2094 mala
596 2049 679 2097 mentis
750 2064 754 2075 ‘

63 2113 164 2171 Gaudia;
180 2111 366 2174 mortisemmqae
376 2113 472 2161 adverso
482 2113 506 2159 in
516 2113 594 2158 limine
605 2111 703 2171 Bellum,

62 2179 181 2240 Ferreique
191 2177 345 2226 Eumenidum
356 2177 455 2235 thalami,
464 2185 488 2225 et
496 2176 618 2225 Discordia
628 2180 730 2235 demens,

63 2244 183 2306 vipereum
194 2243 281 2290 crinem
291 2244 355 2290 vittis
364 2244 449 2291 innexa
460 2243 566 2291 cruentis.
679 2248 726 2291 281

94 2308 123 2355 In
133 2307 206 2355 medlo
216 2322 293 2356 ramos
302 2323 431 2370 annosaque
440 2309 532 2357 brachia
540 2308 619 2370 pandit

61 2370 146 2421 Ubnue
156 2387 232 2434 opaca,
243 2373 341 2436 ingens3
359 2389 426 2435 qnam
437 2375 514 2422 aedem
526 2374 620 2422 Somnia
629 2374 703 2435 vulgo

62 2438 130 2486 Vana
139 2443 215 2485 tenere
224 2437 307 2494 lerunt,
317 2438 422 2500 soliloque
433 2441 474 2487 sub
484 2440 588 2486 omnibus
598 2438 693 2484 haerent.

63 2504 180 2563 Multaque
192 2510 300 2565 praeterea
309 2505 422 2551 variarum
433 2511 535 2551 monstra
543 2503 649 2553 ferarum·

65 2567 172 2619 Centauri
181 2568 205 2614 in
216 2568 301 2616 foribus
312 2569 431 2625 stabulant,
446 2567 575 2628 Scylloeqne
584 2562 698 2620 biformes,

65 2633 99 2683 Et
109 2635 303 2698 centumgeminus
314 2633 428 2692 Briareus,
440 2647 467 2680 ac
477 2629 553 2738 bellqu
564 2625 649 2675 Imm
700 2643 702 2645 ’

496 2707 511 2739 a
