1709 2925
153 118 204 164 220
342 113 508 166 AENEIDOS
522 113 577 171 Lar,
587 113 633 163 Vl.

153 242 286 300 Vescentes,
296 243 419 306 lretramque
428 246 497 293 choro
507 259 587 307 paeana
596 252 716 304 cunm

152 307 219 357 Inter
228 310 345 358 odoratum
355 311 413 357 lauri
423 325 518 368 nemus;
535 310 595 358 uude
604 323 708 374 superne

153 373 269 421 Plurimus
279 373 374 422 Eridani
384 390 425 437 per
436 376 515 423 silvam
526 376 624 423 volvitur
634 377 720 424 amuis.

153 436 203 485 Hic
213 453 299 494 manus,
311 439 341 486 ob
350 441 445 502 patriam
455 440 577 502 pugnando
587 441 682 487 vulnera
691 443 766 504 passi,

153 501 245 563 Quique
255 504 381 551 sacerdotes
391 506 455 558 casti,
466 504 519 551 dum
530 506 578 552 vita
586 507 698 562 manebat,
774 507 825 557 '661

152 565 245 628 Quique
255 570 286 631 pii
299 577 369 625 vates,
380 578 404 616 et
414 568 503 616 Phoebo
514 570 582 632 digna
592 570 669 626 locuti,

151 629 261 681 Inventas
271 646 311 682 aut
320 635 359 696 qui
369 634 439 681 vitam
451 633 569 681 excoluere
579 650 619 697 per
629 643 677 682 arte

129 693 244 770 [Quique
255 701 289 746 sui
300 714 413 747 memores
422 699 479 747 alios
489 698 564 746 fecere
574 700 695 747 merendo:

151 762 264 811 Omnibus
275 765 310 812 his
318 764 383 812 alred
393 765 517 827 cinguntur
526 773 628 826 tempora
638 766 704 812 vitta.

151 827 219 882 Quos
230 830 377 877 circumfusos
388 830 419 876 sic
430 837 465 876 est
475 828 542 876 affata
553 829 652 890 Sibyllc;

151 891 268 942 Musaeum
277 889 331 942 'ente
342 910 435 954 omnes3
451 894 549 941 medium
561 910 613 941 narn
624 895 721 956 plurima
733 896 798 942 turbs

151 956 224 1006 Hunc
235 960 307 1015 habet,
318 966 385 1020 atque
396 960 496 1007 humeris
506 967 633 1007 exstantem
645 959 739 1022 suspicit
748 961 813 1006 altis:

150 1021 239 1078 Dicite,
246 1022 323 1071 felices
334 1025 422 1079 auimae,
432 1035 510 1084 tuque,
521 1025 605 1087 optime
615 1032 692 1077 vates;
766 1029 815 1072 669

151 1087 211 1142 Quae
223 1089 285 1149 regio
297 1088 419 1145 Anchisen,
428 1090 480 1150 quis
490 1090 556 1136 hahet
566 1089 649 1137 locus?
665 1090 725 1136 illius
735 1105 791 1152 ergo

149 1149 269 1207 Venimus
280 1161 304 1200 et
314 1168 410 1216 magnos
420 1153 490 1201 Erebi
501 1155 640 1202 tranavimus
650 1170 736 1201 amnes.

148 1216 228 1277 Atque
237 1218 290 1265 huic
301 1233 433 1282 responsum
444 1220 521 1281 paucis
531 1220 562 1267 ita
572 1219 668 1267 reddidit
677 1220 759 1266 herosz

148 1279 215 1328 Nulli
225 1291 287 1331 certa
297 1283 383 1332 domus
416 1283 489 1331 Lucis
499 1285 624 1331 habitamus
635 1285 717 1348 opacis,

147 1344 302 1410 Riparumqne
312 1355 408 1396 toros-et
418 1358 481 1411 prata
490 1350 590 1396 recentia
599 1350 654 1396 rivis

146 1407 280 1471 Incolirnus.
313 1413 358 1461 Sed
368 1430 416 1470 vos,
428 1414 447 1461 si
458 1413 502 1461 fert
513 1415 544 1462 ita
554 1416 622 1462 corde
630 1415 742 1471 voluntas,

147 1474 203 1524 Hoc
214 1484 317 1540 superate
328 1480 411 1542 jugum
420 1497 431 1537 ς,
446 1487 469 1526 et
478 1478 538 1527 facili
549 1480 599 1542 jam
610 1483 701 1528 tramite
711 1482 791 1528 sistam.

146 1540 222 1597 Dixit,
234 1549 257 1589 ct
268 1554 320 1591 aute
331 1545 383 1591 tulit
392 1560 502 1607 gressum,
515 1560 651 1608 camposque
661 1546 758 1593 nitentes

145 1605 254 1669 Desuper
264 1616 377 1667 ostentat3
390 1610 471 1656 dehinc
482 1611 694 1657 summscacumiua
704 1610 808 1672 linquunt.

181 1672 213 1720 At
223 1681 287 1736 pater
297 1674 410 1721 Anchises
420 1675 510 1736 penitus
520 1675 623 1721 convalle
633 1676 717 1722 virenti
768 1692 772 1701 ·

145 1734 250 1786 Inclusas
260 1739 353 1795 animas,
364 1754 514 1801 superumque
524 1739 552 1786 ad
564 1739 640 1787 lumen
651 1740 730 1797 ituras,
762 1741 805 1786 680

144 1799 268 1850 Lustrabrt
277 1805 352 1852 studio
363 1805 471 1859 recolens,
482 1819 618 1865 omnemque
628 1820 722 1852 suorum

144 1865 217 1917 Forte
227 1870 356 1917 recensebat
366 1884 491 1924 numerum,
503 1883 611 1930 carosque
622 1876 724 1931 nepotes,

143 1929 253 1995 Fataque,
263 1934 409 1995 fortunasque
418 1934 500 1989 virdm,
510 1948 636 1995 moresque,
648 1947 777 1995 manusqrac.

143 1992 214 2058 Isque
224 1998 261 2044 uhi
272 1998 400 2046 tendentem
410 1999 529 2046 adversum
540 2014 581 2061 per
590 2000 695 2062 gramina
705 2000 760 2046 vidit

143 2059 242 2116 AEuean,
254 2063 333 2110 ahcris
343 2063 428 2124 palmas
439 2071 544 2124 utrasque
554 2064 672 2121 tetendit3·

143 2123 277 2186 Effusreque
287 2128 353 2189 genis
363 2128 484 2189 lacrymre3
501 2137 524 2175 et
534 2143 581 2176 vox
592 2129 677 2176 excidit
687 2145 739 2179 ore:

143 2187 233 2236 Venisti
244 2192 341 2247 tandem,
353 2201 436 2253 tuaque
446 2201 546 2254 spectata
556 2194 642 2255 parenti

112 2254 115 2258 ’
142 2252 208 2300 Vicit
218 2254 261 2301 iter
271 2254 351 2302 durum
362 2258 451 2319 pietas?
468 2258 533 2305 datur
543 2273 583 2305 ora
593 2259 659 2314 tueri,

141 2318 211 2374 Nate,
222 2327 262 2366 tua
270 2337 278 2380 ;
285 2344 287 2349 ,
294 2328 317 2366 et
327 2329 393 2368 notas
403 2323 480 2369 audire
490 2330 513 2370 et
524 2324 617 2370 reddere
626 2323 713 2370 voces?
760 2322 804 2368 689

142 2384 181 2431 Sic
192 2384 294 2445 equidem
306 2384 413 2433 ducebam
424 2388 507 2443 animo,
518 2389 626 2449 rebarque
635 2387 744 2442 futurum,

140 2447 255 2510 Tempora
266 2449 424 2508 dinumerans;
442 2467 484 2498 nec
495 2467 593 2499 memes
604 2467 657 2499 curs
667 2451 754 2499 fefellit.

142 2512 206 2567 Quas
217 2528 262 2576 ego
273 2521 296 2561 te
307 2521 383 2568 terras,
395 2522 418 2561 et
425 2524 509 2576 quanta
518 2532 558 2580 per
569 2532 661 2578 aequora
670 2525 762 2564 vectum

140 2577 250 2639 Accipio!
268 2579 358 2640 quantis
363 2581 480 2641 J'sctatum,
492 2588 551 2637 uste,
562 2581 665 2644 periclis!

140 2639 216 2696 Quam
228 2644 306 2701 metui,
317 2658 346 2691 nc
357 2644 410 2706 quid
420 2643 503 2707 Libyae
514 2646 554 2695 tihi
562 2661 633 2709 regna
643 2642 765 2695 nocerent!
