1709 2925
236 143 401 194 AENEIDOS
417 143 518 194 me
654 150 714 196 ’303

32 275 86 332 Qui
94 277 209 341 juvenum
219 275 259 323 tibi
269 291 359 338 serm
368 284 439 331 erant,
450 277 582 332 miserande,
589 276 686 339 jaceres,

32 341 72 391 Ni
83 341 181 389 fratrum
191 342 275 403 stipata
284 342 367 388 cohors
375 341 436 389 soret
446 343 517 398 obvia,
530 343 614 391 Phorci

34 404 184 469 Progeniem
202 413 288 469 septem
298 422 401 462 numero,
411 415 548 469 septenaque
558 409 603 456 tels

37 470 189 534 conjiciam
206 472 286 533 purtim
298 470 364 533 galeri
373 473 498 535 clypeoque
509 474 619 521 resultant
661 477 711 520 330

35 534 121 594 Irrita3
142 536 235 583 deflexit
244 537 326 598 partim
337 538 471 599 stringentia
481 554 563 599 corpus

34 601 110 649 Alma
121 601 210 649 Venus.
243 601 326 649 lidum
336 601 424 649 AEneas
434 603 515 649 affatur
525 604 643 652 Achatent

37 667 148 729 Suggere
155 667 263 714 telamilrl
273 668 332 730 (non
340 668 412 714 ullum
424 667 517 714 dextera
524 667 608 715 frustra

34 730 145 779 Torserit
154 733 179 778 in
186 731 298 791 Rutulos)
307 740 417 779 steterunt
423 749 475 793 quae
483 735 506 779 in
514 749 609 794 corpore
615 732 711 781 Graium

36 795 117 845 Iliacis
128 812 178 844 cam
195 799 200 808 '
253 795 315 842 Tum
325 812 432 859 magnam
444 800 535 859 corripit
545 799 638 853 hastam,

37 861 72 910 Et
78 863 147 925 jacit.
192 862 223 909 lla
232 863 313 909 volans
323 863 398 925 clypei
408 865 574 910 transverberat
584 878 631 910 sera

36 926 150 982 Maeonis,
162 935 186 974 et
195 929 289 974 tboraca
297 928 366 973 umal
375 943 427 974 cum
438 936 530 990 pectore
540 929 631 991 rumpit.

37 991 106 1039 Huic
116 991 187 1039 irater
197 994 257 1039 subit
267 993 376 1047 Alcanor,
386 994 524 1055 fratremque
535 1002 639 1041 ruentem

38 1058 160 1105 Sustentat
170 1057 261 1104 dextris
281 1059 375 1119 trajecto
385 1059 455 1105 missa
464 1060 549 1106 lacerto
661 1064 714 1108 339

38 1121 152 1171 Protinus
162 1124 225 1170 basta
234 1123 302 1185 firmi,
313 1131 432 1184 servatque
443 1133 535 1170 cruenta
545 1132 661 1182 tenorem3

37 1187 190 1249 Dexteraque
200 1203 230 1234 ex
240 1189 334 1235 humero
345 1190 420 1235 nervis
431 1191 563 1236 moribunda
573 1191 688 1252 pependit,

37 1251 101 1300 Tum
114 1252 230 1307 Numitor,
237 1254 313 1315 jaculo
324 1253 400 1300 fratris
409 1254 440 1301 ‹le
450 1270 543 1316 corpore
554 1262 624 1316 rapto,

38 1319 134 1378 AEnesn
145 1319 221 1379 petiit3
239 1319 278 1366 sed
290 1335 336 1365 non
347 1317 453 1381 erigere
463 1327 541 1367 contra

37 1383 84 1432 Est
94 1383 190 1437 licitum,
201 1385 324 1447 magnique
332 1383 408 1431 femur
417 1385 548 1446 perstrinxit
561 1384 663 1433 Achatae.
717 1414 719 1417 .

38 1448 89 1498 Hic
101 1447 207 1504 Curibus,
219 1448 290 1497 fidens
300 1451 411 1513 primaevo
422 1467 524 1514 corpore,
537 1449 636 1500 Clausus

38 1516 151 1570 Advenit,
161 1524 186 1562 et
196 1514 269 1578 rigidi
278 1515 399 1578 Dryopem
409 1516 462 1563 ferit
472 1519 561 1564 eminus
572 1517 637 1564 hasti

40 1582 89 1638 Sub
99 1591 210 1636 mentum,
221 1582 322 1641 graviter
332 1580 415 1643 pressi,
422 1583 551 1644 pariterque
561 1583 675 1644 loquentis

38 1646 130 1694 Vocem
142 1646 284 1706 animamque
295 1647 359 1708 rapit,
370 1649 465 1709 traJecto
476 1655 569 1707 gutture
575 1664 583 1704 ς
600 1655 625 1693 at
634 1647 673 1695 ille

38 1711 129 1760 Fronte
138 1710 191 1757 ferit
202 1719 292 1764 terram,
303 1719 327 1757 et
338 1726 439 1758 crassum
451 1713 524 1758 vomit
534 1727 573 1758 ore
583 1727 694 1759 cruorem.

38 1774 325 1838 Tresquoque'lbreicios
331 1776 413 1823 Boreae
421 1777 451 1822 cle
458 1785 529 1838 gente
536 1775 647 1838 supremi,
664 1779 717 1824 350

38 1841 73 1891 Et
85 1849 140 1897 tres,
151 1856 208 1902 quos
219 1839 274 1888 toas
283 1849 347 1903 pater
357 1849 381 1888 et
390 1842 464 1903 patria
472 1839 559 1887 Ismara
570 1842 647 1896 mittit,

40 1906 90 1956 Per
98 1907 175 1954 varios
186 1908 267 1953 sternit
277 1922 351 1954 casus.
384 1907 492 1953 Accurrit
504 1905 612 1960 Halesus,

40 1973 204 2032 Aumncseque
213 1987 308 2029 maaus;
325 1973 385 2018 subit
396 1979 420 2018 et
431 1971 548 2033 Neptunia
557 1971 641 2033 proles,

41 2036 145 2100 Insignis
157 2036 279 2099 Messapus
289 2038 361 2098 equis.
392 2037 516 2100 Expellere
526 2037 622 2083 tendunt

42 2102 114 2151 Nunc
125 2104 155 2157 hi,
165 2118 228 2149 nunc
237 2102 284 2160 illi;
301 2110 400 2149 certatur
409 2103 489 2148 limine
499 2102 523 2147 in
534 2103 584 2164 ipso

43 2169 169 2224 Ausoniae:
188 2183 272 2229 magno
283 2168 397 2215 discordes
407 2169 494 2214 retbere
503 2168 566 2214 venti

44 2232 132 2280 Proelia
142 2248 183 2280 ceu
194 2233 283 2287 tollunt,
294 2234 377 2281 animis
386 2241 410 2280 et
419 2234 505 2280 viribus
517 2233 587 2294 aequis
593 2250 601 2291 ;

44 2297 103 2347 Non
113 2298 156 2359 ipsi
165 2299 225 2345 inter
235 2314 266 2352 se,
278 2313 324 2344 non
336 2299 417 2353 nubila,
429 2314 476 2345 non
486 2313 555 2353 mare,
567 2300 664 2356 cedunt;

44 2363 138 2425 Anceps
145 2378 224 2425 pugna
234 2363 272 2409 diu
278 2379 286 2421 ς
304 2371 366 2410 stant
375 2365 465 2421 obnixi;
483 2365 560 2410 omnia
570 2371 663 2411 contras

45 2428 117 2477 Haut
127 2428 192 2475 aliter
202 2427 309 2491 Trojanae
319 2429 379 2475 acies
388 2430 493 2490 aciesque
504 2427 594 2475 Latine
664 2431 717 2475 360

46 2492 204 2544 concur-mut:
223 2494 295 2540 barret
304 2494 362 2555 pede
372 2509 419 2555 pes,
430 2494 559 2553 densusque
569 2494 619 2539 viro
628 2492 671 2540 vir.

77 2559 112 2606 At
121 2566 185 2620 parte
193 2573 225 2605 ex
235 2557 285 2614 alit,
297 2557 342 2620 qui
352 2573 406 2606 saxa
417 2559 514 2605 rotantia
523 2558 570 2603 late

47 2623 171 2686 Impulerat
180 2629 269 2671 torrent
280 2624 414 2683 arbustaque
423 2624 497 2669 diruta
508 2623 568 2684 ripis,

48 2688 160 2748 Amadas,
167 2689 269 2747 insuetos
280 2690 340 2746 acies
350 2688 434 2735 inferre
443 2689 565 2751 pedestres,
