1709 2925
102 181 151 231 152
191 220 196 231 .
283 174 450 226 AENEIDOS
466 172 580 225 1211111„

97 308 210 372 Explorat
220 313 308 363 ventos,
319 313 387 369 atque
397 308 488 354 auribus
498 307 550 354 a'e'rs
561 313 636 369 captat
641 324 650 364 ;

98 375 178 424 Sidera
189 378 270 420 cuncta
280 379 346 419 notat
355 374 424 419 tacito
434 373 533 419 labentia
542 373 609 426 coelo,
695 404 698 411 .

98 441 229 492 Arcturum,
240 437 372 499 pluviasque
383 436 488 498 Hyadas,
500 438 651 499 gerninosque
661 434 807 496 Triones,

98 505 266 563 Armatumque
275 517 330 549 auro
341 503 493 564 circumspicit
500 501 594 549 Oriona.

97 569 222 630 Postquam
233 575 315 615 cuncta
327 568 388 615 videt
397 568 458 614 coeio
468 575 572 615 constsre
582 582 671 620 sereno,

98 634 148 682 Dat
158 634 244 680 clarum
255 635 269 680 e
278 633 346 695 puppi
356 634 464 695 signum3
481 647 524 679 nos
535 639 609 679 castra
619 647 768 689 movemus,

97 699 268 759 Tentamusque
278 699 345 754 viam,
356 705 380 745 et
389 698 492 745 velorum
503 697 622 760 pandimus
632 697 687 744 alas.
722 703 797 745 520

98 763 196 826 Jamque
206 764 336 811 rubescebat
347 763 417 810 stellis
428 764 519 809 Aurora
528 762 630 823 fugatim

99 828 160 878 Cum
171 829 250 892 procul
261 830 368 876 obscuros
378 828 448 875 colles
458 828 611 889 humilemque
621 828 728 874 videmus

99 893 197 943 ltaliam.
222 893 310 941 ltaliam
320 895 406 956 primus
417 893 543 940 conclamat
553 893 671 950 Achaten

99 958 189 1007 Italiam
200 960 253 1007 laeto
264 959 318 1005 socii
329 959 428 1005 clamore
438 959 542 1005 salutant.

99 1024 160 1072 Turn
171 1032 235 1086 pater
245 1024 358 1071 Anchises
369 1039 479 1085 magnum
490 1030 577 1069 cratera
587 1020 674 1069 coronal

100 1088 184 1145 Induit,
195 1089 340 1150 implevitque
350 1105 428 1147 mero,
446 1088 567 1149 Divosque
577 1087 668 1135 vocavit

100 1155 169 1202 Stans
180 1152 241 1200 celsi
250 1154 275 1200 in
285 1154 368 1216 puppi:

99 1216 142 1274 Di,
154 1220 222 1265 maria
233 1226 257 1266 et
266 1227 333 1266 terrae
344 1226 547 1281 tempestatumque
556 1224 669 1281 potentes,

100 1284 170 1332 Ferte
180 1284 240 1331 viam
251 1292 320 1332 vento
329 1283 425 1339 facilem,
438 1292 461 1330 et
472 1285 555 1346 spirate
565 1284 666 1330 secundi.

135 1347 287 1398 Crebrescunt
297 1357 381 1412 optatse
391 1365 461 1405 aurae‚
472 1358 596 1411 portusque
606 1348 703 1410 patescit
724 1350 774 1394 ⁵30

98 1413 153 1465 Jam
164 1415 263 1477 propior,
274 1414 427 1478 templumque
437 1422 529 1477 apparet
539 1414 563 1460 in
574 1429 626 1460 arce
636 1413 759 1461 Minervae.

101 1479 161 1527 Vela
170 1479 251 1541 legunt
263 1481 325 1535 socii,
336 1488 360 1528 et
369 1496 447 1542 proras
458 1481 487 1527 ad
496 1480 564 1527 litora
574 1487 689 1540 torquent.

101 1545 187 1592 Portus
198 1546 225 1590 ab
236 1544 315 1592 Euroo
326 1545 398 1592 fluctu
409 1552 515 1592 curvatus
525 1547 549 1591 in
560 1560 651 1602 arcum;

101 1610 203 1673 Objectre
213 1607 272 1656 salsd
282 1618 387 1673 spumant
397 1611 531 1672 adspergine
541 1620 632 1656 cautesr

102 1675 115 1723 I
131 1691 155 1723 se
165 1676 234 1734 latet3
251 1677 344 1737 gemino
355 1676 477 1722 demittunt
486 1676 576 1722 brachia
586 1690 652 1721 mure

126 1742 188 1788 urriti
200 1741 292 1802 scopuli,
304 1740 433 1803 refugitque
443 1741 471 1787 ab
481 1741 548 1786 litore
557 1740 677 1801 templum.

103 1806 219 1860 Quattuor
229 1806 273 1862 hic,
281 1807 378 1869 primum
389 1807 466 1860 omen,
477 1820 548 1866 equos
558 1807 582 1851 in
592 1805 697 1867 gramine
707 1805 754 1852 vidi

102 1870 235 1919 Tondentes
245 1887 349 1934 campum
360 1871 412 1925 late,
423 1871 521 1917 candore
531 1870 600 1916 nivali
609 1886 616 1915 r

102 1935 136 1983 Et
147 1943 210 1997 pater
221 1938 347 1984 Anchises:
367 1936 466 1991 Bellum,
478 1943 563 1983 eterra
574 1935 670 1996 hospita,
680 1942 757 1997 portas
763 1951 771 1991 ς

103 1999 170 2047 Bello
182 2012 297 2048 armantur
307 2003 358 2063 equi
364 2019 372 2059 ;
384 2002 468 2048 bellum
479 2002 529 2048 liaeo
540 2009 643 2047 armenta
652 2001 774 2047 minantur.

104 2062 150 2111 Sed
161 2072 236 2113 tamen
246 2067 307 2114 idem
318 2067 372 2115 olim
383 2066 451 2113 currd
462 2066 582 2113 succedere
593 2066 652 2111 sueti
725 2068 770 2113 541

104 2127 274 2191 Quadrupedes,
286 2139 309 2178 et
319 2131 383 2179 irena
388 2133 449 2194 jugo
459 2132 580 2178 concordia
588 2129 662 2177 ferre:

27 2219 31 2226 ·
104 2193 161 2255 Spes
172 2200 195 2239 et
205 2196 274 2255 pacis,
285 2198 324 2243 ait.
350 2196 412 2243 Turn
424 2196 517 2242 numina
527 2202 736 2257 sanctaproeamur

104 2256 204 2305 Palladis
215 2261 342 2316 armtsonae,
352 2277 405 2323 quoe
414 2263 489 2324 prima
497 2262 585 2323 accepit
595 2269 705 2322 ovantes3

104 2321 138 2371 Et
149 2324 223 2385 capita
233 2332 286 2372 aute
296 2341 345 2372 aras
357 2326 460 2389 Phrygio
470 2327 572 2374 velamur
582 2326 679 2384 amictu3

105 2386 274 2452 Praeceptisque
286 2389 379 2448 Heleni,
391 2393 482 2439 dederat
492 2407 544 2454 quae
553 2392 660 2447 maxima,
672 2392 717 2439 rite

104 2451 192 2503 Junoni
203 2454 300 2518 Argivae
306 2458 384 2520 jussos
395 2457 512 2505 adolemus
523 2459 627 2505 honores.

140 2518 211 2567 Haud
221 2535 299 2578 mora3
317 2523 424 2569 continuo
436 2522 542 2585 perfectis
552 2523 631 2570 ordine
641 2523 710 2578 votis,

106 2581 200 2633 Cornua
209 2586 333 2634 velatarum
344 2588 483 2635 obvertimus
493 2596 652 2645 antennarum,
729 2588 776 2635 549

106 2648 310 2713 Graiugenquue
320 2653 399 2701 domos
411 2663 560 2715 suspectaque
570 2654 696 2712 linquimus
706 2668 767 2701 arra·

106 2710 171 2761 Hinc
182 2716 245 2765 sinus
256 2716 373 2776 Herculei,
384 2719 404 2766 si
414 2734 469 2767 vera
478 2728 514 2767 eat
523 2719 590 2776 sams,
601 2718 698 2767 Tarenti
