1709 2925
112 134 145 183 66
292 121 482 176 GEORGICA.
498 123 551 174 La
560 120 601 174 ΙΙ.

78 251 81 260 ¹
114 261 176 311 Tum
186 266 250 324 pater
259 257 402 320 omnipotens
410 256 514 305 fecundis
524 257 635 304 imbribus
642 257 731 308 AEtber

116 326 228 391 conjugis
237 326 262 371 in
272 324 384 387 gremium
394 324 457 372 laetae
467 323 588 378 &suendis
598 330 623 369 et
633 321 713 371 omnes

115 393 219 455 Magnus
230 390 276 445 alit,
287 403 371 451 magno
380 388 519 436 commixtus
529 401 629 449 corpore,
641 388 709 437 iaus.
774 391 778 400 “

115 458 177 507 Avia
187 463 236 503 tum
246 460 353 502 resonant
363 455 442 522 eribus
451 453 550 515 virginus
560 454 655 509 canoris,

115 522 151 572 Et
161 521 276 568 Venerem
287 519 355 567 certis
365 527 471 584 repetunt
480 523 582 566 menta
590 518 676 566 diebus.
739 524 793 568 399

117 587 217 637 Parturit
227 586 300 633 almus
310 591 380 647 ager3
398 584 541 647 Zephyrique
551 583 678 646 tepentibus
687 585 751 632 auris

117 652 210 701 Laxant
219 665 274 699 srva
285 651 362 707 sinus3
380 657 469 712 superat
479 656 543 696 tener
553 649 656 696 omnibus
667 650 766 708 bumorr

101 751 107 760 -
118 715 193 779 Inque
202 729 276 766 nevos
287 716 346 763 soles
356 715 440 762 audent
451 729 477 761 se
485 714 589 777 germina
599 720 650 761 bito

120 781 234 840 credun
251 796 293 828 nec
303 782 385 828 metuit
395 786 514 842 surgentes
524 780 643 842 pampinus
653 779 763 837 Austros,

119 848 170 897 Aut
180 854 255 894 actum
265 846 325 893 coelo
336 846 426 908 maguis
437 845 587 905 Aquilonibus
596 844 706 903 imbrem

121 913 168 961 Sed
178 913 248 959 trudit
257 925 366 973 gemmas,
378 919 402 956 et
411 910 503 956 frondes
513 910 611 971 explicat
621 926 708 958 omnes.

121 977 178 1025 Non
190 977 245 1023 alios
256 972 328 1037 prirnd
339 976 460 1022 crescentis
471 975 559 1037 origine
569 976 647 1021 mundi

121 1042 228 1089 Illuxisse
238 1041 293 1095 dies,
304 1039 401 1087 ullumve
412 1041 515 1087 babuisse
525 1047 627 1087 tenorem

122 1106 277 1157 credideritne
296 1119 337 1151 ver
347 1106 403 1152 illud
413 1113 476 1163 erat3
491 1121 533 1151 ver
543 1119 640 1165 magnus
651 1105 734 1167 agebat

122 1172 196 1227 Orbis,
207 1177 231 1218 et
241 1170 339 1218 hibernis
349 1171 469 1233 parcebant
478 1170 568 1216 {latibus
579 1169 651 1227 Euri;

126 1236 187 1285 Cum
198 1236 277 1297 prirnae
286 1236 360 1283 lucem
371 1236 468 1299 pecudes
479 1232 579 1289 hausere,
590 1236 712 1297 virumque

123 1301 208 1350 Ferrea
218 1303 338 1363 progenies
349 1302 410 1348 duris
421 1306 488 1363 caput
498 1300 580 1347 extulit
589 1300 656 1356 aruis,
681 1301 685 1307 ’
741 1304 789 1347 841

125 1365 286 1427 Immissoeque
294 1366 349 1413 ferae
360 1366 430 1421 silvis,
442 1373 467 1413 et'
477 1366 549 1414 sidera
559 1365 626 1412 eoelo.

124 1431 176 1480 Nec
187 1445 224 1478 res
234 1432 295 1478 hunc
306 1437 390 1478 tenerae
400 1438 494 1493 possent
504 1430 603 1493 perferre
612 1429 718 1486 laborem,

125 1498 151 1544 Si
162 1511 208 1543 non
219 1502 282 1542 tanta
292 1497 356 1556 quies
366 1497 410 1543 iret
419 1495 536 1559 frigusque
546 1497 689 1557 caloremque

125 1560 197 1616 Inter,
208 1568 232 1608 et
242 1561 356 1623 exciperet
366 1561 418 1608 coeli
429 1561 569 1624 indulgentia
578 1569 657 1608 terres.

158 1625 228 1681 Quod
245 1633 352 1687 superest,
369 1641 517 1688 quaecumque
532 1641 621 1689 premes
636 1626 736 1693 virgulta
752 1640 797 1689 per

222 1704 296 1753 egros,

126 1755 212 1819 Sparge
222 1754 275 1802 fimo
286 1757 373 1820 pingui,
383 1761 407 1803 et
416 1754 490 1804 multi
499 1768 590 1804 memor
596 1756 676 1804 occule
685 1754 746 1804 terrai
752 1772 763 1814 ς

125 1821 177 1869 Aut
182 1821 279 1885 lapidem
289 1822 396 1878 bibulum,
404 1829 444 1869 aut
455 1822 586 1884 sqmlenm
592 1820 669 1869 infode
679 1823 790 1870 condus:

126 1884 191 1933 Inter
201 1901 261 1934 enirn
271 1887 374 1935 labentur
385 1902 457 1949 aquae,
468 1887 587 1949 tenuisque
598 1886 679 1934 subibit

126 1950 229 2006 Halitus,
240 1959 306 2014 atque
316 1954 404 2000 animos
415 1953 496 2000 tollent
507 1961 561 1999 satu.
593 1951 696 2012 Jamque
705 1951 793 2015 reperti,

127 2015 175 2070 Qui
186 2030 241 2063 saxo
253 2032 325 2078 super,
337 2025 403 2079 atque
412 2018 513 2079 ingentis
524 2018 623 2080 pondere
633 2024 706 2073 testae,
746 2010 791 2065 351

126 2079 257 2143 Urget-ent:
277 2082 320 2128 hoe
329 2081 414 2131 effluens
423 2083 541 2130 munimen
551 2084 580 2130 ud
589 2082 686 2140 imbres3

127 2145 190 2199 Hoc,
202 2146 238 2193 ubi
250 2146 323 2193 hiulca
334 2148 370 2194 siti
383 2146 530 2197 finditcanis
542 2147 626 2195 restifer
636 2161 697 2195 arun.
784 2142 787 2149 ’

159 2210 287 2259 Seminibus
297 2212 384 2274 positis,
394 2221 496 2276 superest
506 2213 616 2260 deducere
625 2220 708 2261 terrum

127 2274 215 2337 Soepius
226 2274 254 2322 ad
265 2277 343 2338 capita,
355 2285 379 2325 et
389 2278 550 2342 duresjuctrire
559 2279 660 2326 bidentes
666 2294 675 2337 ς

126 2339 177 2386 Aut
187 2355 264 2402 presso
276 2357 383 2390 exercere
392 2343 465 2390 solum
477 2345 518 2390 sub
528 2352 627 2400 vomere,
637 2350 661 2390 et
671 2344 720 2405 ipsa
754 2358 761 2369 ·

127 2402 230 2452 Flectere
239 2406 351 2454 luctantes
361 2409 420 2455 inter
429 2409 628 2471 vinetajuvencos.

127 2467 188 2515 Tum
199 2470 261 2519 leves
271 2473 369 2520 calamos
380 2480 404 2519 et
414 2487 472 2519 rasse
482 2473 570 2520 hastilia
580 2475 652 2536 rirgoe

126 2532 296 2597 Fraxineasque
306 2545 383 2600 aptare
393 2538 467 2593 sudes,
477 2537 597 2599 sumasque
606 2539 710 2584 bicornes
715 2551 725 2593 ς

128 2595 222 2646 Viribus
233 2603 288 2648 eniti
299 2617 400 2662 quarum,
412 2609 436 2648 et
447 2610 591 2650 contemnere
602 2610 682 2650 ventes
745 2605 793 2649 360

130 2660 435 2729 Assuescant,.suramasque
444 2670 508 2730 sequi
517 2668 616 2718 tabulata
625 2682 666 2731 per
676 2666 757 2715 ulmos.
