1709 2925
236 95 401 150 AENEIDOS
417 96 471 146 Lu.
484 97 531 145 IX.
670 104 719 151 2¹19

22 230 122 281 Unum
136 244 196 278 oro:
214 230 315 293 genitrix
326 228 411 276 Priami
421 229 450 276 de
460 235 531 292 gente
539 225 632 276 vetusti

23 296 77 344 Est
90 296 164 351 mihi,
176 310 244 357 quum
255 295 359 341 miserum
370 295 444 341 tenuit
454 309 500 341 non
512 292 555 341 llis
565 294 633 341 tellus

25 361 139 408 Mecum
152 361 309 414 excedentem,
322 374 367 406 non
379 360 464 406 moenis
474 359 534 421 regis
542 359 643 406 Acestae.

27 426 110 474 Hanc
132 441 182 489 ego
198 440 259 471 nunc
274 426 375 487 iguurum
390 425 457 487 hujus
471 424 627 485 quodcumque
641 422 718 486 pericli

35 527 38 536 .
141 498 181 537 est

30 553 116 617 Inque
130 556 251 602 salutatum
262 554 340 615 linquo
349 572 356 613 ;
371 552 436 607 Nox,
447 562 472 600 et
482 559 521 601 tus
531 556 595 602 testis

30 620 156 675 Dextera,
169 619 231 681 quod
242 634 350 680 nequeam
360 619 472 679 lacrymas
482 618 581 680 perferre
591 619 696 680 parentis.

32 685 70 732 At
82 693 120 741 tu,
134 701 185 740 oro,
197 683 269 732 solare
279 684 377 745 inopem,
389 691 412 729 et
424 698 529 730 succurre
540 684 631 730 relictae.
668 687 717 731 290

33 749 114 797 Hanc
127 750 180 797 sine
190 764 227 796 me
237 763 300 812 spem
310 748 369 795 ferre
379 749 424 795 tui:
445 748 563 795 audentior
573 748 610 795 ibo

34 812 67 860 In
79 830 153 862 casus
165 829 253 861 omnes.
284 812 398 860 Percussi
408 821 484 859 mente
494 813 604 859 dederunt

35 879 189 927 Dardanidae
199 880 311 940 lacrymas
317 895 326 936 ;
342 886 396 925 ante
406 892 486 924 omnes
495 878 588 940 pulcher
599 876 678 935 Iulus3

37 944 123 1005 Atque
134 945 237 991 animum
247 944 326 1007 putriae
336 943 427 990 strinxit
436 944 526 1006 pietatis
537 944 620 1006 imago.

37 1007 104 1056 Tum
118 1011 152 1057 sic
163 1008 256 1056 effuturz

41 1074 155 1136 Spondeo
166 1075 236 1137 digus
246 1075 292 1121 tuis
301 1075 431 1138 ingentibus
442 1074 517 1122 omnis
527 1074 608 1137 coeptis
614 1091 622 1132 ;

41 1137 155 1201 Namque
166 1140 210 1186 erit
220 1140 263 1186 istu
273 1140 327 1186 mihi
338 1140 445 1201 genitrix,
456 1154 583 1201 nomenque
595 1137 690 1188 Cre'usae

42 1203 126 1258 Solum
138 1203 241 1260 defuerit,
253 1218 294 1250 nec
305 1214 393 1266 parturn
404 1205 478 1265 gratia
487 1204 555 1251 talem

41 1268 123 1317 Parva
132 1275 218 1316 munet.
250 1267 324 1316 Cusus
334 1268 419 1315 fuctum
430 1269 564 1329 quicumque
575 1276 711 1330 sequentur:

43 1333 92 1382 Per
103 1340 174 1395 cuput
184 1335 227 1380 hoc
233 1334 296 1395 juro,
307 1348 347 1395 per
357 1332 418 1393 quod
428 1341 492 1394 puter
502 1341 555 1380 unte
565 1334 665 1381 solebstt
689 1372 691 1379 .

45 1398 109 1454 Quae
120 1399 161 1445 tibi
172 1398 279 1460 polliceor
290 1398 372 1452 reduci,
383 1398 494 1459 rebusque
504 1399 615 1454 secundis,
666 1400 713 1446 sol

46 1462 111 1512 Hsec
122 1464 200 1521 endem
211 1464 321 1525 matrique
332 1470 379 1510 tuae
389 1465 511 1526 generique
522 1465 651 1513 manebunt.

46 1529 86 1577 Sic
97 1530 129 1577 ait
140 1529 298 1590 illacrymans3
317 1529 411 1575 humero
421 1529 489 1576 simul
499 1531 562 1577 exuit
572 1545 650 1578 ensem

46 1596 170 1650 Auratum,
181 1591 238 1641 miri
248 1609 316 1655 quem
327 1593 411 1641 fecerat
422 1602 471 1641 arte
481 1593 576 1656 Lycaon

50 1660 171 1714 Gnossius,
182 1667 249 1721 etque
260 1660 355 1723 habilem
365 1659 450 1721 vaginis
459 1659 545 1721 aptirut
555 1658 655 1716 eburni3

47 1724 99 1773 Det
110 1724 169 1772 Niso
181 1723 317 1771 Mnestheus
327 1723 408 1786 pellem
419 1725 575 1784 horrentisque
584 1724 657 1770 leonis

47 1789 166 1846 Exuvius3
182 1789 272 1852 galeam
281 1788 340 1836 fidus
350 1796 464 1851 permutat
474 1789 562 1835 Aletes.

48 1854 158 1909 Protinus
168 1855 247 1901 minuti
257 1855 379 1911 incedunt;
397 1869 455 1915 quos
464 1855 539 1899 omnis
549 1859 630 1899 euntes

48 1919 176 1969 Primatum
188 1933 268 1966 munus
279 1920 306 1966 ed
316 1928 392 1982 portus
398 1921 555 1981 juvenumque
565 1932 689 1979 senumque

51 1984 197 2046 Prosequitur
206 1985 273 2031 votis.
306 1984 404 2031 Necnon
416 1990 440 2031 et
449 1983 543 2046 pulcher
554 1980 624 2036 Iulus,
666 1987 717 2031 810

50 2051 114 2099 Ante
124 2063 194 2096 nnnos
204 2050 348 2109 animumque
358 2064 442 2111 gerens
452 2063 573 2109 curemque
583 2047 678 2103 virilem,

52 2114 128 2162 Multa
136 2115 192 2175 putri
202 2114 312 2176 portende
322 2115 388 2161 dabat
397 2113 517 2160 mundato:
535 2113 575 2160 sed
586 2128 648 2162 aurae

52 2179 134 2229 Omnia
142 2179 277 2241 discerpunt,
288 2187 312 2225 et
322 2180 417 2226 nubibus
426 2179 490 2225 irrita
499 2179 590 2226 donant.

85 2243 176 2306 Egressi
187 2250 295 2306 superant
303 2243 383 2298 fossus,
395 2245 512 2305 noctisque
522 2259 562 2305 per
573 2244 675 2291 umbram

54 2307 133 2357 castra
141 2309 231 2355 inimico
240 2316 329 2370 petunt,
340 2309 416 2356 multis
427 2317 504 2356 tumen
514 2316 567 2355 unte
577 2308 646 2355 futuri

52 2374 136 2423 Exitio.
167 2372 255 2419 Possim
267 2388 347 2419 somno
357 2374 456 2435 vinoque
466 2389 506 2435 per
516 2374 607 2420 herbam

55 2437 151 2499 Corpora
160 2436 211 2484 fuss
221 2438 305 2492 vident,
316 2446 415 2484 arrectos
426 2438 493 2485 litore
503 2453 590 2493 eunus,

55 2501 171 2559 Interiora
181 2509 286 2563 rotasque
298 2504 365 2556 uiros,
376 2503 444 2548 simul
454 2517 521 2556 arms,
533 2503 618 2563 jacere,

54 2567 113 2617 Vinu
123 2566 193 2616 simul.
221 2565 289 2625 Prior
300 2566 439 2630 Hyrtacides
450 2568 482 2613 sic
494 2581 534 2614 ore
544 2566 647 2612 locutus:
665 2566 714 2625 31⁹
