1709 2925
229 165 418 219 ononomu
437 167 548 218 miv,
697 175 731 222 7,

69 297 161 347 Pondere
171 300 200 347 ed
210 300 316 347 aestivum
328 300 406 355 solem,
418 301 438 347 si
448 300 507 349 sorte
516 309 632 350 morantes

69 365 176 426 sparserit,
187 366 227 413 ar'rt
238 380 339 438 praeqeps
345 365 459 427 Neptuno
470 367 605 415 immerserit
616 367 702 416 Eurus·

70 429 121 477 Haec
131 432 215 478 circum
226 431 295 478 casiae
305 431 395 485 virideo,
406 438 430 477 et
441 431 525 479 olentia
534 432 581 480 lete
694 437 730 481 80

70 495 167 558 serpyllo,
179 502 202 542 et
213 496 315 558 graviter
325 496 431 557 spirantis
441 498 506 559 copie
516 497 628 558 thymbra

69 559 155 618 Floreat,
166 562 322 623 irriguumque
331 561 408 608 bibant
419 562 512 608 violaria
521 561 616 611 fontem.

69 623 115 687 lpse
124 634 205 681 autem,
218 641 258 673 seu
270 626 390 672 corticibus
400 626 440 672 tibi
452 633 503 673 rute
515 629 607 684 cevatis,

70 691 110 738 Seu
118 692 178 739 lento
189 691 274 739 fuerint
284 691 382 738 alveario
392 692 477 737 vimine
487 699 557 745 texto,

71 757 178 818 Augustos
188 757 287 803 habeant
296 756 383 802 editus:
403 771 456 802 nom
467 754 553 817 frigore
562 757 630 805 melle

72 819 134 884 Cogit
142 823 221 876 hiems,
233 821 357 882 eodemque
368 819 430 868 calor
440 820 560 881 liquefacto
570 823 671 870 remittit.

72 885 165 949 Utraque
175 888 210 934 vis
221 887 299 948 apibus
310 887 393 947 pariter
404 886 538 942 metuenda;
557 901 629 948 neque
640 888 687 936 iile

71 949 219 1014 Nequidquam
231 954 255 998 in
266 952 332 998 tectis
344 951 447 998 certatim
458 952 533 998 tenuia
544 950 596 999 oerd

21 1019 22 1040 ²
73 1017 203 1079 Spitamente
213 1017 295 1071 donor,
305 1016 404 1078 sucoque
413 1023 439 1062 et
448 1014 541 1063 flonlrus
552 1032 604 1064 oras

21 1109 22 1112 =
72 1080 170 1145 Explent,
181 1082 347 1143 collectumque
357 1082 408 1128 haeo
418 1082 467 1143 ipsa
478 1082 505 1128 ad
516 1097 610 1130 munera
619 1083 700 1146 gluten

73 1145 101 1198 Et
109 1149 169 1196 visoe
179 1153 203 1194 et
215 1146 326 1209 Phrygiae
337 1159 428 1194 servam
438 1148 489 1209 pice
498 1147 582 1194 lentius
593 1147 650 1197 ldae.
696 1150 730 1195 41

21 1211 22 1266 l
75 1213 132 1275 Saepe
141 1214 208 1260 etiam
220 1211 315 1266 effossis,
327 1213 345 1259 si
357 1227 411 1258 vera
421 1219 457 1258 est
466 1211 533 1266 sumo,
545 1214 635 1261 latebris

21 1271 23 1328 l
74 1277 114 1325 Sub
123 1276 182 1324 terri
191 1275 272 1324 lovere
280 1276 358 1333 laren,
369 1278 504 1339 penitusque
515 1277 609 1340 repertae

21 1341 22 1398 J
75 1340 239 1404 Pumicibusque
250 1343 312 1389 cavie
323 1357 443 1403 exesaeque
454 1343 539 1390 arboris
550 1350 622 1391 antro.

21 1401 22 1432 f
75 1406 107 1454 Tu
117 1415 189 1456 tumen
200 1424 214 1455 e
224 1407 269 1455 levi
281 1408 365 1455 rimosa
376 1407 457 1455 cubilia
467 1407 522 1455 limo

21 1490 22 1495 ¹
76 1471 138 1537 Urge
146 1474 227 1521 fovens
237 1474 330 1529 circum,
342 1481 365 1521 et
375 1489 437 1521 raras
448 1489 515 1536 super
525 1473 592 1538 injice
602 1473 702 1524 frondes.

75 1537 121 1586 Neu
131 1541 220 1603 propius
230 1540 297 1587 tectis
307 1547 386 1586 texum
398 1540 447 1586 sine
453 1556 462 1596 ;
480 1555 537 1588 neve
548 1541 653 1589 rubentes

76 1603 119 1652 Ure
127 1606 178 1654 fooo
188 1620 297 1662 eanoros;
315 1607 367 1651 altae
379 1619 424 1651 neu
434 1605 501 1652 crede
511 1605 592 1667 paludi,

72 1671 116 1718 Aut
126 1672 161 1718 ubi
173 1671 228 1718 odor
239 1671 299 1718 ooeni
310 1671 393 1732 gravis,
404 1677 445 1717 eut
455 1671 492 1717 ubi
503 1685 603 1718 concavo
612 1670 680 1732 prdsu

74 1735 128 1783 Saxa
139 1744 228 1793 sonem,
239 1736 347 1796 vocisque
359 1734 445 1782 offensa
456 1736 550 1782 resultat
560 1735 645 1797 imago.
702 1738 737 1785 50

102 1801 168 1856 Quod
179 1807 288 1863 superest,
299 1800 336 1847 ubi
347 1801 435 1863 pulsam
444 1801 540 1848 hiemem
549 1800 584 1846 sol
595 1813 676 1846 eureus
686 1801 735 1864 egit

73 1866 115 1914 soh
125 1873 201 1922 terras,
213 1866 343 1926 ooelumque
354 1865 434 1913 aeetivri
444 1866 495 1911 luce
505 1864 597 1911 reclusit
603 1882 612 1925 3

73 1929 119 1979 111ae
129 1932 238 1980 continuo
249 1932 320 1978 saltus
330 1931 444 1991 silvasque
454 1936 581 1992 peragrent,

73 1995 241 2059 Purpureusque
251 2001 340 2043 metunt
350 1995 425 2051 flores,
437 2003 462 2041 et
472 1993 565 2042 flumine
574 1994 645 2042 hlaut

73 2062 162 2110 Summe
170 2063 241 2110 leves.
270 2060 334 2108 Hinc
345 2062 422 2108 neseio
433 2058 479 2120 qui
489 2059 606 2107 dulcedine
615 2061 677 2110 lete

22 2178 23 2197 p
72 2125 205 2191 Progeniem
216 2127 328 2188 nidosque
337 2126 429 2182 fovent;
447 2126 500 2172 hino
510 2133 559 2172 arte
569 2134 672 2175 recentes

72 2192 193 2240 Excedunt
203 2207 274 2247 ceras,
285 2198 309 2239 et
320 2191 388 2238 melle
398 2192 485 2237 tenacia
494 2189 592 2252 fingunt.

72 2256 139 2314 Hinc,
150 2259 188 2305 ubi
193 2259 243 2320 Jam
254 2258 362 2304 emissum
372 2257 449 2303 caveis
458 2256 488 2304 ad
498 2256 571 2303 sidera
580 2257 632 2303 oceli

22 2364 23 2367 ,
72 2321 132 2371 Nare
142 2339 183 2386 per
194 2329 296 2370 aestetem
307 2321 415 2382 liquidem
426 2321 555 2382 suspexeris
565 2335 656 2383 agmen,

73 2386 241 2449 obscuramque
250 2388 309 2435 trahi
319 2393 389 2434 vento
399 2387 509 2434 mirabere
519 2386 609 2438 nubem,
705 2387 740 2430 60

22 2452 23 2511 J
73 2451 254 2517 Contemplator3
274 2467 343 2513 aquas
355 2451 438 2506 dulces,
450 2456 474 2497 et
483 2450 577 2496 frondea
587 2459 675 2506 semper

22 2556 23 2565 ,
70 2515 141 2566 'l'eote
151 2526 241 2582 petunt.
268 2517 325 2564 Huc
335 2524 361 2564 tu
367 2517 446 2579 jussos
456 2516 567 2576 adsperge
577 2521 675 2568 repom·

22 2576 23 2583 ¹
73 2580 134 2633 Trite
143 2583 295 2646 melisphylla,
307 2588 330 2629 et
341 2582 450 2629 cerinthae
461 2576 562 2640 ignobile
572 2585 680 2645 gratum

74 2645 223 2710 liunitusque
234 2649 276 2703 eie,
287 2655 311 2694 et
323 2647 407 2694 Matris
418 2653 487 2706 quote
498 2635 603 2700 cymbfllfl
612 2646 712 2715 ssfssumf
734 2664 736 2669 ¹

22 2744 23 2759 π
74 2710 131 2781 lpse
140 2714 262 2764 consident
272 2712 390 2762 medicatis
400 2709 506 2763 sedibus3
522 2702 579 2763 ipsae
