1709 2925
222 167 227 178 .
255 122 420 176 AENEIDOS
436 121 547 206 Ian-«Vl.
688 130 736 175 225

60 255 129 311 Quis
139 254 240 304 Gracchi
251 270 331 319 genus,
343 262 382 302 aut
391 256 503 318 genuinos,
515 255 560 303 dun
569 253 666 305 fulmina
674 255 736 313 belli,

60 321 191 383 Scipiadas,
202 321 289 368 cladem
300 319 387 382 Libyae,
399 336 513 383 parvoque
522 327 639 383 potentem
685 340 687 344 ·

59 385 204 444 Fabricium,
216 387 253 434 vel
263 394 286 433 te
296 386 365 440 sulco,
379 385 481 441 Semane,
493 386 624 433 serentem?

62 451 122 504 Quin
131 449 218 498 fessum
229 450 312 512 rapitis,
324 449 406 497 Fabii?
421 459 447 497 tu
459 451 578 499 Maximus
588 450 626 498 ille
637 466 670 507 es,

61 514 137 562 Unus
147 517 187 576 qui
197 517 262 562 nobis
272 516 398 563 cunctando
409 517 507 564 restituis
518 531 574 564 rem.

60 579 191 632 Excudent
201 580 237 627 alii
249 581 355 642 spirantia
364 581 456 628 mollius
467 597 521 639 sera,

61 642 144 693 Credo
155 646 265 706 equidem,
276 646 342 692 vivos
353 646 436 693 ducent
446 646 475 692 de
485 661 597 693 marmore
608 646 701 703 vultur3

60 708 172 757 Orsbunt
181 725 260 757 causas
270 711 358 765 melius,
369 711 466 771 coelique
475 718 563 758 meatus
686 713 735 759 850

61 772 206 822 Describam
217 775 284 830 radio,
297 782 320 821 et
329 776 447 837 surgentia
458 777 531 823 sidera
542 774 630 821 dicente
655 795 657 798 ’

60 837 104 885 Tu
116 855 196 901 regere
206 841 300 903 imperio
310 840 411 902 populun¹
424 840 537 897 Romane,
547 847 662 886 memento
671 857 678 897 ;

61 902 119 951 Hae
126 905 166 950 tibi
177 913 243 952 erunt
253 912 313 952 artes
319 921 328 962 ;
345 906 451 968 pacisque
461 906 576 968 imponere
586 920 680 960 morem,

61 967 165 1016 Parcere
176 970 289 1032 subjectis,
300 977 324 1017 et
333 969 444 1018 debellare
455 972 570 1033 superbos.
632 986 635 992 ’

97 1033 137 1080 Sic
147 1042 211 1097 pater
223 1035 340 1090 Anchises,
352 1043 419 1097 atque
430 1036 479 1083 baec
490 1035 621 1083 mirantibus
631 1034 705 1082 addit:

59 1097 173 1160 Adspice,
184 1108 210 1146 ut
220 1100 315 1161 insignis
326 1100 402 1161 spoliis
413 1100 539 1148 Marcellus
550 1101 630 1162 opimis

61 1162 206 1226 Ingreditur,
218 1165 334 1226 victorque
344 1165 406 1211 viros
416 1167 567 1227 supereminet
577 1164 671 1213 ornnes!

60 1227 113 1275 Hic
125 1244 174 1275 rem
185 1229 320 1285 Romanam,
331 1245 415 1291 magno
426 1232 530 1277 turbante
541 1231 645 1283 tumultu,

61 1292 143 1348 Sistet,
155 1309 225 1355 eques
236 1302 320 1342 sternet
332 1294 427 1353 Poenos,
441 1295 577 1356 Gallumque
589 1294 699 1350 rebellem,

60 1356 189 1419 Tertiaque
200 1375 262 1407 arma
272 1361 329 1423 patri
340 1361 462 1422 suspendet
471 1368 537 1423 captu
548 1360 651 1415 Quirino.
685 1363 734 1407 860

96 1423 176 1486 Atque
186 1425 223 1471 bic
234 1424 328 1480 AEneas,
341 1423 398 1490 (und
409 1440 505 1488 namque
516 1426 548 1474 ire
559 1426 647 1473 videbat

59 1487 193 1552 Egregium
205 1489 277 1538 sormi
283 1492 392 1554 juvenem
402 1500 426 1538 et
436 1491 574 1555 fulgentibus
584 1494 651 1539 armis
657 1509 666 1549 ς

59 1554 109 1601 Sed
119 1554 184 1603 frons
194 1555 248 1602 laeta
257 1571 345 1618 parum,
354 1564 379 1602 et
389 1558 476 1617 dejecto
486 1558 572 1604 lumina
581 1555 657 1618 vultu)

20 1624 25 1633 ’
60 1618 130 1674 Quis,
142 1626 214 1683 pater,
225 1620 269 1676 ille,
281 1622 354 1668 virum
365 1622 403 1682 qui
414 1623 447 1669 sic
458 1624 578 1670 comitatur
587 1621 699 1669 euntem?

59 1682 142 1740 Filius,
155 1700 215 1732 anne
225 1686 303 1748 aliquis
314 1684 398 1748 magud
408 1687 437 1733 de
447 1687 516 1749 stirpe
528 1686 652 1749 nepotum?

59 1748 110 1805 Qui
122 1751 230 1812 strepitus
241 1752 300 1798 circa
310 1752 429 1801 comitum!
449 1758 557 1814 quantum
568 1752 638 1809 instar
649 1751 672 1797 in
683 1750 732 1814 ipse

160 1815 209 1863 est!

58 1878 107 1928 Sed
118 1876 226 1928 nox'atra
237 1886 303 1943 caput
314 1882 372 1929 tristi
382 1881 529 1930 circumvolat
540 1878 625 1927 umbri.

91 1943 157 1992 Tum
168 1952 232 2008 pater
243 1946 364 2003 Anchises,
373 1946 481 2008 lacrymis
491 1947 607 2008 ingressus
618 1944 717 1994 obortis:

57 2008 81 2057 0
91 2010 161 2058 nate!
175 2011 291 2073 ingentem
302 2011 388 2059 luctum
400 2027 429 2058 ne
440 2027 517 2071 quaere
528 2018 632 2058 tuorum:

57 2075 191 2122 Ostendent
202 2075 268 2123 terris
275 2076 334 2124 bunc
345 2084 435 2124 tantum
445 2075 498 2132 sata,
510 2092 582 2138 neque
592 2076 651 2129 ultra
683 2079 732 2124 870

57 2138 122 2188 Esse
132 2140 216 2189 sinent
249 2139 351 2188 Nimium
362 2142 427 2188 vobis
438 2141 543 2188 Romana
553 2152 653 2205 propago

58 2202 119 2253 Visa
129 2212 219 2267 potens,
232 2206 320 2268 Superi,
331 2208 420 2269 propria
431 2208 481 2254 brec
492 2207 511 2254 si
522 2207 581 2254 dona
591 2206 693 2254 fuissent.

59 2269 170 2324 Quantos
180 2270 219 2318 ille
229 2271 303 2317 virdm
314 2287 420 2335 magnam
432 2271 546 2320 Mavortis
556 2273 584 2320 ad
595 2273 672 2320 urbem

59 2332 166 2397 Campus
176 2343 230 2397 aget
240 2336 352 2397 gemitus!
370 2337 408 2383 vel
418 2353 477 2398 quae,
488 2336 601 2391 liberine,
613 2337 698 2384 videbis

57 2397 160 2453 Funera,
172 2415 223 2447 cum
235 2400 347 2461 tumulum
357 2400 515 2464 praeterlabere
525 2400 652 2448 recentem!

57 2460 112 2512 Nec
123 2480 181 2526 puer
192 2463 262 2513 Iliaci
271 2467 389 2527 quisquam
401 2467 429 2513 de
440 2475 510 2529 gente
521 2466 617 2512 Latinos

56 2525 85 2576 In
98 2537 190 2576 tantum
201 2545 242 2592 spe
252 2531 316 2578 tollet
327 2547 397 2578 avos:
416 2547 458 2578 nec
469 2531 569 2578 Romule
579 2528 692 2590 quondam

57 2592 116 2641 Ullo
128 2609 154 2641 se
165 2603 253 2642 tantum
264 2595 331 2642 tellus
337 2597 432 2658 jactabit
442 2596 540 2642 alumno.

56 2656 115 2708 Heu
126 2659 214 2724 pietas!
233 2661 277 2709 beu
287 2662 360 2724 prisca
370 2659 439 2709 fides!
456 2660 584 2718 invictaque
593 2655 653 2704 bello
