1709 2925
135 120 169 169 5⁴
318 112 508 168 GEORGICA.
522 114 577 166 ιιι.
587 114 625 167 11.

80 289 84 296 ,
137 243 744 310 ειᾱρῑοὶιίιιωοιωιᾱᾱὶςὶιωὶωιωοὶιωωὼ.
848 301 852 306 .

137 309 241 360 Humi·
250 312 346 373 majores
356 312 436 359 berbss
446 313 493 366 alit,
504 314 595 375 ipseque
601 316 667 377 justo
754 318 799 366 251

137 375 238 424 Laetior:
256 376 284 422 eb
296 374 302 422 !
321 376 416 424 nimium
426 392 456 424 ne
467 380 497 424 sit
507 378 562 424 milri
572 377 651 427 fertilis
661 380 706 437 itu,

137 439 193 488 Neu
202 456 227 487 se
237 441 379 503 praevalidum
390 442 468 504 primis
479 443 583 490 ostendet
592 445 665 492 aristis
674 444 681 493 !

138 505 200 561 Qure
209 505 287 568 gravis
296 513 338 563 est,
348 507 356 552 i
408 508 500 554 troium
511 523 537 554 se
546 509 644 570 pondere
653 511 734 571 prodit,

138 569 244 632 oioeqle
258 570 323 617 levis.
352 522 474 619 mmmm
485 581 521 620 est
535 573 606 620 oculis
621 575 753 637 predisoere
765 576 803 623 ni·
852 629 854 632 ,

137 697 173 750 Et
182 699 233 760 quis
243 700 279 746 cui
290 700 359 748 color·
389 702 424 750 At
434 700 568 750 scelerstum
578 704 696 764 exquirere
704 704 776 769 frigus

137 763 241 814 Difficile
251 771 299 813 est:
317 766 389 828 picea
397 773 486 814 murm
496 767 587 829 taxique
597 777 705 817 uooentes

140 826 267 887 Interdum,
278 837 318 877 eut
329 830 418 878 bederae
428 832 530 894 pendunt
540 834 637 896 vestigia
645 835 726 896 nigre.

172 894 220 944 His
230 894 396 951 suimsdversis,
407 903 490 944 terrem
501 897 573 945 multo
583 905 636 945 aute
646 907 759 952 mernento

140 958 282 1021 Excoquere,
293 967 318 1006 et
326 975 423 1023 mrgnos
433 963 547 1009 scrobibus
558 962 676 1010 concidere
685 973 791 1023 montes;
822 1005 824 1010 ,

140 1028 205 1072 Ante
215 1025 329 1086 supinato
340 1023 449 1086 Aquiloni
459 1027 578 1074 ostendere
587 1028 672 1090 glebas,
757 1034 806 1080 261

142 1088 219 1144 Quum
228 1089 307 1136 lretum
318 1089 413 1137 infodies
423 1092 478 1137 vitis
487 1107 574 1153 genus:
594 1094 679 1154 optima
689 1095 748 1156 putri
780 1153 786 1158 ἢ

142 1154 208 1201 Arre
218 1153 280 1201 solo:
299 1154 323 1201 id
332 1156 395 1201 venti
405 1157 493 1213 curent,
503 1156 628 1218 gelideque
637 1159 731 1220 pruine,

142 1217 178 1267 Et
187 1218 297 1266 lsbesscts
306 1234 401 1267 movens
411 1221 516 1267 robustus
522 1222 604 1284 jugere
614 1221 695 1271 fossor.

142 1282 184 1337 At,
196 1284 214 1330 si
225 1299 282 1345 quos
291 1284 351 1331 haud
362 1285 408 1331 ulla
417 1285 479 1332 viros
488 1286 605 1348 vigilantia
612 1285 680 1350 fugit,

143 1347 207 1395 Ante
216 1347 292 1397 locuni
303 1349 399 1396 similem
407 1350 533 1410 exquirunt,
546 1351 582 1398 ubi
594 1352 665 1413 prims
675 1360 766 1415 peretm

144 1412 269 1460 Arboribus
280 1428 353 1476 seges,
364 1422 388 1460 et
397 1429 442 1475 quo
452 1429 508 1462 mox
517 1415 605 1480 digesta
614 1414 706 1475 seratur,

90 1509 92 1513 -
144 1477 260 1526 Mutetem
270 1478 377 1540 ignorent
387 1480 461 1527 subito
472 1496 501 1529 ne
512 1483 598 1529 semina
606 1489 709 1530 matrem.

144 1541 209 1596 Quin
219 1543 287 1590 etiem
297 1545 349 1591 oceli
360 1546 477 1606 regionem
487 1546 511 1592 iu
522 1547 605 1594 cortice
616 1549 722 1609 signsut;

145 1605 188 1662 Ut,
199 1622 244 1668 quo
254 1622 350 1669 qureque
359 1609 427 1656 modo
438 1611 532 1665 steterit,
543 1609 587 1672 qui
597 1621 660 1674 purte
671 1613 758 1662 colores

145 1672 269 1720 Austrinos
278 1673 361 1730 tulerit,
372 1689 425 1735 quae
435 1682 501 1738 terge
511 1677 633 1724 obverterit
642 1678 687 1732 axi,
762 1681 806 1726 271

78 1788 85 1803 ⁴
144 1736 292 1795 Restituunt3
308 1738 365 1786 odeo
374 1739 399 1786 in
410 1741 494 1787 teneris
503 1755 650 1789 consuescere
662 1742 760 1792 multum
770 1750 811 1793 est·

146 1800 256 1859 Collibus,
266 1817 295 1850 uu
306 1803 373 1866 plano
383 1804 465 1852 melius
476 1807 506 1851 sit
515 1820 599 1867 ponere
608 1806 687 1863 vitem,

145 1866 232 1922 Qirrere
242 1869 311 1931 prius.
343 1869 369 1918 si
379 1870 471 1932 pinguis
480 1884 549 1933 egros
559 1871 673 1918 metabere
684 1873 764 1936 campi,

145 1930 227 1980 Densa
238 1949 302 1991 sere;
319 1934 343 1980 in
354 1936 424 1982 denso
435 1949 483 1982 non
493 1935 585 1998 segnior
595 1936 663 1983 ubere
673 1935 787 1985 Bocchus.

144 1995 189 2045 sin
199 1997 291 2045 tumulis
301 1999 385 2046 coelive
396 1998 470 2047 solum
481 2000 595 2062 collesque
606 2001 706 2063 supinos,

145 2055 245 2122 Indulge
255 2063 382 2110 ordinibus:
401 2079 445 2111 nec
456 2066 529 2113 secius
540 2066 614 2113 omnis
623 2066 647 2113 in
658 2081 759 2131 unguem

145 2123 271 2173 Arboribus
280 2128 360 2189 positis
371 2137 433 2176 secto
443 2130 481 2176 rin
491 2131 562 2177 limite
573 2130 674 2193 quadret.

147 2188 183 2237 Ut
194 2204 261 2251 saepe,
272 2191 360 2254 ingenti
369 2186 428 2241 bdllo
439 2209 491 2241 cum
502 2195 572 2258 longe
582 2197 687 2244 cobortes

146 2252 264 2315 Explicuit
273 2254 341 2318 legio,
353 2262 376 2304 et
386 2273 466 2321 cumpo
478 2261 540 2307 stetit
550 2275 633 2324 agmen
643 2266 730 2323 aperto,
765 2259 809 2307 980
851 2266 852 2269 ’

145 2315 295 2379 Directaeque
305 2321 370 2377 scies,
382 2337 408 2370 sc
418 2323 465 2370 late
474 2323 569 2371 fluctuat
580 2325 654 2373 omnis
747 2368 752 2375 .

146 2382 206 2430 AEre
217 2383 325 2432 renidenti
336 2386 410 2442 tellus,
422 2403 464 2434 nec
475 2389 529 2435 durn
540 2390 629 2437 horrida
639 2390 736 2438 miscent

148 2444 240 2502 Proelia,
252 2447 292 2495 sed
302 2450 381 2497 dubius
393 2452 473 2498 mediis
484 2452 550 2501 Mars
560 2463 620 2502 errat
631 2454 654 2501 in
665 2455 747 2503 nmis:

149 2508 234 2558 Omnia
244 2514 290 2559 sint
299 2515 388 2575 poribus
399 2518 499 2564 numeris
510 2518 611 2567 dimenss
620 2519 709 2566 viarum
715 2536 723 2578 3

149 2571 206 2621 Nun
217 2577 317 2624 animum
327 2579 395 2626 modo
406 2581 439 2625 uti
450 2590 528 2642 piscat
537 2591 668 2646 prospectus
678 2584 784 2642 inanem

150 2636 196 2699 dod
205 2641 259 2701 quis
266 2657 313 2691 non
322 2643 387 2692 aliter
397 2645 458 2693 vires
468 2646 529 2695 dubit
539 2649 643 2723 omnibus
653 2663 730 2713 eques
