1709 2925
3 47 5 90 l

117 112 148 156 lo
285 105 470 158 BUCOLICA·
488 106 547 154 Eca.
559 104 607 153 111.

382 300 512 332 namus.

3 415 4 430 χ
75 377 78 384 '
114 367 219 429 Phyllida
229 368 293 414 mitte
303 368 372 426 mlhi;
388 383 452 413 meus
463 374 498 412 est
508 365 594 418 natalis,
607 362 678 413 Iolla:

116 431 175 481 Cum
185 433 265 479 faciam
276 431 347 479 vituld
356 448 397 493 pro
407 431 519 493 fragilius}
528 432 576 492 ipse
587 431 670 477 venito.

376 562 515 595 mmm.

115 628 219 689 Phyllida
229 644 280 675 amo
291 636 343 675 ante
353 630 419 675 alias:
440 644 491 675 nam
503 643 540 674 me
550 627 663 673 discedere
674 626 752 685 devit3

115 693 155 749 Et,
167 693 274 757 Longum
285 693 384 741 formose
393 694 451 749 vale,
463 694 519 749 vale,
530 694 610 755 inquit,
622 690 686 738 Iolla

382 822 512 853 namus.

115 885 192 934 Triste
201 888 267 949 lupus
277 888 375 940 stabulis,
386 889 480 934 mamn's
490 886 592 947 frugibus
603 888 691 940 imbres,
749 891 784 934 80

115 952 240 999 Arboribus
251 954 319 1008 venti,
331 954 394 999 nobis
405 952 552 1013 Amaryllidis
563 953 610 999 irae.

377 1080 516 1112 maumas.

116 1144 193 1192 Dulce
203 1146 257 1192 satia
267 1146 354 1199 humor,
365 1146 463 1208 depulsis
474 1146 564 1192 arbutus
575 1146 652 1198 haedis,

115 1208 190 1257 Lenta
200 1212 258 1259 salix
267 1210 314 1258 feto
324 1213 406 1273 pecori,
418 1212 473 1256 mihi
484 1212 545 1257 solus
556 1211 677 1271 Amyntas·

378 1314 513 1372 mammas.

116 1404 191 1453 Pollio
201 1413 261 1453 amat
272 1413 377 1460 nostram,
389 1408 493 1467 quamvis
503 1412 538 1453 est
549 1406 638 1464 rustica,
649 1421 751 1456 musam:

116 1471 223 1529 Pierides,
234 1472 327 1520 vitulam
337 1472 416 1519 lectori
427 1473 511 1534 pascite
520 1479 604 1521 vestro.

377 1602 518 1636 mancas·

116 1667 190 1715 Pollio
201 1674 224 1713 et
234 1668 281 1728 ipse
290 1666 344 1714 facit
355 1682 415 1715 nova
425 1671 538 1716 camina:
557 1670 642 1730 pascite
652 1676 749 1725 taurum,

114 1731 168 1781 dam
179 1748 249 1779 cornu
259 1740 327 1795 petat,
339 1740 362 1779 et
373 1733 465 1795 pedibus
475 1735 512 1795 qui
525 1740 616 1797 spargat
627 1749 724 1780 arenam.

383 1865 514 1899 mma.

117 1930 163 1985 Qui
175 1938 204 1984 te,
217 1930 296 1984 Pollio,
308 1937 375 1985 amat,
385 1940 469 1987 venial,
481 1948 525 1994 quo
537 1939 559 1979 te
570 1945 659 1993 quoque
669 1930 761 1993 gaudet.

115 1996 188 2043 Mella
198 1994 270 2041 fluant
280 1996 318 2051 illi,
329 1996 387 2043 ferat
397 2005 420 2043 et
431 1999 499 2044 rubus
510 2013 574 2060 asper
586 2011 706 2043 amomum.

378 2125 517 2158 mammas.

116 2186 163 2241 Qui
175 2186 271 2234 Bavium
283 2203 329 2235 non
340 2190 393 2245 odil,
405 2199 465 2238 amet
476 2200 515 2238 tua
526 2192 636 2248 cannina‚'
644 2192 732 2252 Maevi3
751 2199 785 2244 90

115 2253 193 2313 Atque
203 2252 261 2299 idem
268 2255 352 2317 jungat
361 2257 448 2318 vulpes,
460 2264 483 2303 et
493 2258 593 2321 mulgeat
604 2259 685 2305 hircos.
741 2278 743 2285 i

382 2382 514 2416 DAMOETAS·

116 2444 163 2498 Qm
173 2444 249 2507 legitis
258 2444 326 2493 florea
336 2454 360 2493 et
370 2448 434 2494 humi
445 2452 559 2497 nascentia
568 2450 639 2513 fraga,

116 2508 228 2573 Frigidus,
240 2527 254 2558 o
264 2512 333 2574 pueri,
343 2511 416 2574 fugile
426 2514 485 2571 hinc,
497 2515 552 2563 latet
564 2518 644 2579 anguis
655 2517 677 2563 in
689 2516 764 2566 herbd.
