1709 2925
141 128 189 174 ns
327 120 492 172 annuos
508 121 626 202 usn-r.
693 86 697 109 ¹

140 253 249 317 Relligio,
261 259 284 300 et
294 254 369 300 cuncti
381 261 499 302 suasenrnt
510 254 602 302 numine
610 253 670 301 Divi

141 317 231 368 ltaliam
242 326 323 381 petere,
335 326 359 366 et
368 324 441 366 terras
451 326 538 366 tentare
548 317 664 381 repostas3

140 384 196 433 Sola
206 397 290 431 novum
302 383 406 444 dictuque
417 383 480 431 nefas
492 382 597 445 Harpyia
608 383 707 433 Celaeno

141 446 275 510 Prodigium
287 449 354 502 canit,
365 456 389 496 et
400 449 475 496 tristes
485 449 602 495 denuntiat
611 450 664 504 iras,

140 506 322 573 Obscoenamq'ue
332 512 425 574 lumem)
438 528 490 573 quae
499 515 571 575 prima
584 515 685 576 pericula
696 515 771 561 vito?

141 577 234 632 Quidve
245 593 340 639 sequens
350 585 425 625 tantos
435 580 520 640 possim
531 593 637 640 superare
647 579 760 627 labores?

140 641 189 690 Hic
201 641 312 699 Helenus,
323 644 389 690 caesis
399 644 497 705 primurn
508 644 536 689 de
546 645 733 705 moreJ'uvencis,

140 707 230 755 Exorat
239 724 317 771 pacem
329 707 424 763 Divum,
436 708 549 768 vittasque
559 708 652 754 resolvit
766 713 823 757 370

141 773 228 823 Sacrati
238 774 322 835 capitis,
334 788 414 835 meque
425 773 454 819 ad
464 780 503 820 tua
512 773 595 828 limina,
608 772 703 829 Phoebe,

140 835 195 901 Ipse
205 854 273 886 manu
285 839 357 885 multo
368 853 501 900 suspensum
512 838 604 884 numine
614 838 693 895 (lucit3

140 902 218 962 Atque
229 906 279 951 baee
289 904 369 950 deinde
379 904 441 950 canit
451 904 527 949 divino
538 917 568 949 ex
577 919 617 949 ore
627 904 750 952 sacerdos:

172 966 234 1015 Nate
245 965 303 1023 Dei,
316 969 380 1031 (nam
392 974 415 1013 te
425 968 545 1030 majoribus
555 968 588 1014 ire
598 983 638 1030 per
649 968 723 1016 altum

141 1031 256 1093 Auspiciis
266 1032 384 1079 manifesta
393 1031 464 1080 fides:
484 1033 515 1079 sic
525 1031 573 1079 fato
583 1031 662 1079 Derim
673 1048 716 1080 rex

141 1097 245 1152 Sortitur,
256 1097 372 1158 volvitque
382 1098 458 1154 vices;
474 1098 494 1143 is
505 1097 600 1144 vertitur
610 1096 677 1157 ordo)

140 1158 218 1209 Pauca
228 1162 266 1208 tibi
278 1176 291 1208 e
301 1162 385 1217 multis,
396 1177 441 1223 quo
452 1162 521 1209 tutior
532 1163 619 1224 hospita
627 1162 715 1210 lustres

104 1248 107 1259 ·
139 1226 249 1289 AEquora,
261 1234 285 1274 et
296 1227 399 1275 Ausonio
410 1228 483 1289 possis
494 1227 610 1274 considere
620 1234 695 1288 portu,

139 1290 267 1355 Expellam
279 1292 358 1348 dictis;
374 1293 494 1354 prohibent
503 1307 555 1338 nam
567 1298 648 1338 enters
659 1291 744 1339 Parcae

139 1356 208 1410 Scire,
222 1356 338 1404 Helenum
348 1357 434 1419 farique
444 1364 506 1404 vetat
518 1357 622 1404 Saturnia
630 1355 702 1406 Juno.
762 1359 815 1405 ³80

139 1419 255 1483 Principio
265 1420 364 1480 Italiam,
375 1438 442 1484 quum
453 1428 478 1469 tu
485 1424 534 1486 Jam
545 1437 594 1470 rere
602 1422 764 1486 propinquam,

138 1484 286 1548 Vicinosque,
297 1487 382 1549 ignare,
393 1503 460 1550 paras
470 1488 575 1535 invadere
584 1495 670 1550 portus,

137 1549 223 1613 Longa
233 1552 311 1613 procul
321 1552 397 1615 longis
407 1554 444 1601 via
454 1554 533 1600 dividit
543 1554 605 1600 invia
614 1555 689 1602 terris.

138 1616 202 1663 Ante
212 1624 236 1663 et
246 1615 363 1664 Trinacrii
372 1618 493 1666 lentandus
503 1634 579 1665 remus
588 1619 612 1664 in
624 1616 691 1674 uuili,

137 1682 171 1730 Et
182 1681 234 1729 salis
244 1681 342 1729 Ausonii
352 1683 493 1731 lustrandum
504 1684 598 1730 navibus
607 1698 693 1745 aequor,

137 1745 269 1809 Infernique
279 1749 348 1801 lacus,
360 1748 479 1810 AEaeaeque
489 1748 563 1795 insule
574 1746 656 1803 Circae,

136 1812 214 1868 Quam
225 1811 275 1859 tuti
284 1814 357 1876 possis
369 1815 445 1860 urbem
457 1827 592 1875 componere
602 1812 669 1860 terri.

136 1878 209 1941 Signa
219 1880 258 1925 tibi
269 1879 356 1926 dicam:
376 1885 401 1925 tu
412 1879 503 1925 condita
512 1885 588 1925 mente
598 1885 684 1924 teneto.

137 1941 198 1990 Cum
209 1943 249 1992 tibi
260 1944 356 1990 sollicito
367 1944 448 1991 secreti
458 1943 486 1990 ad
497 1941 596 1989 fluminis
607 1943 691 1991 undam

94 2043 99 2056 .
135 2004 235 2054 Litoreis
245 2008 326 2070 ingens
336 2009 428 2056 inventa
439 2009 480 2055 sub
490 2008 577 2054 ilicibus
588 2022 633 2062 sus,
755 2010 805 2056 890

134 2068 241 2132 Triginta
252 2074 349 2134 capitum
359 2072 419 2120 fetus
430 2074 503 2127 enixa,
515 2072 606 2135 jacebit,

134 2134 201 2189 Albe,
213 2136 261 2183 solo
273 2139 387 2194 recubans,
399 2138 442 2184 albi
453 2139 538 2184 circum
549 2138 617 2184 ubera
627 2136 692 2193 uati;

133 2197 160 2245 Is
171 2200 233 2246 loeus
244 2202 304 2248 urbis
315 2203 373 2260 erit3
390 2204 478 2264 requies
489 2218 516 2249 ea
526 2210 589 2249 certa
597 2201 710 2249 laborum.

133 2262 186 2310 Nec
196 2271 221 2311 tu
232 2278 359 2313 mensarum
371 2283 459 2315 morsus
469 2269 574 2314 horresce
584 2266 686 2313 futuros:

133 2327 191 2375 Fata
201 2330 261 2375 viam
273 2331 394 2387 invenient,
406 2333 521 2393 aderitque
531 2339 624 2379 vocatus
635 2330 732 2394 Apollo.

133 2392 185 2441 Has
195 2401 270 2441 autem
282 2402 359 2450 terras,
371 2395 468 2457 Italique
478 2397 535 2443 hanc
546 2397 618 2444 litoris
629 2412 702 2452 oram,

132 2457 241 2510 Proxima
251 2475 302 2522 quae
313 2461 383 2509 nostri
394 2461 533 2523 perfunditur
541 2463 638 2523 aequoris
649 2470 716 2517 aestu,

131 2523 232 2587 Effuge:
252 2532 333 2574 cuncta
342 2527 407 2573 malis
417 2527 544 2574 habitantur
555 2528 641 2575 moenia
652 2526 738 2577 Graiis.

133 2587 182 2639 Hic
192 2598 215 2637 et
224 2589 318 2652 Narycii
329 2598 453 2653 posuerunt
463 2593 548 2639 moenia
559 2591 636 2651 Locri,

130 2650 163 2706 Et
174 2650 310 2712 Sallentinos
320 2657 407 2709 obsedit
416 2656 489 2708 milite
498 2671 591 2725 campos
752 2660 798 2708 400
