1709 2925
314 140 453 201 xevultat
668 148 732 200 are
823 160 824 163 ¹

44 276 162 334 Arellius
172 275 251 344 opibus
262 280 320 336 data,
331 276 428 339 velleret
447 280 465 327 ei
477 278 539 326 nitor
548 278 596 327 aurl

44 349 101 396 Sub
110 349 217 408 laqueare
227 346 307 393 domita
315 346 417 393 ,animum
429 356 476 392 non
486 345 560 408 tangit
571 357 675 405 avarum,

46 411 200 473 Picturaeque
209 410 292 469 deoua3
308 411 407 473 lapidum
418 408 495 457 uecfu
536 424 548 456 r
557 411 586 457 ab
595 408 643 458 ulla
719 442 722 449 ,

47 476 171 540 cognitus
181 477 276 524 utilitate
287 482 378 533 movet3
396 490 438 523 nec
448 490 507 537 ponu
538 475 634 523 Graium

46 543 150 591 Alconis
161 541 261 589 referunt
271 540 399 602 Boethique
409 547 528 597 toreuma;
545 553 587 587 neo
598 539 651 589 ludi

46 607 163 657 conda
172 607 240 654 bacea
249 607 318 653 maria
329 607 400 668 pretio
411 613 462 653 esta
481 612 505 652 at
515 611 606 666 pertore
617 620 676 667 pura

46 672 121 734 Saepe
127 687 194 735 super
203 677 282 719 tenero
293 671 415 734 prosternit
425 671 529 733 gramine
539 680 633 732 cerpus3

45 736 148 786 Florida
157 751 209 783 cum
220 737 288 783 tellus
298 743 441 798 gemmantes
451 736 512 797 picta
521 748 562 797 per
571 736 652 785 herbar

47 801 117 850 Vere
126 809 197 849 novat
207 800 267 848 dulci
279 801 383 848 diatinotu
390 801 502 848 coloribus
513 814 581 858 arva3
690 802 726 848 70

46 866 133 929 Atque
142 866 207 915 illum
217 867 304 913 calamo
315 867 393 913 laetum
405 867 520 912 recinente
531 865 635 927 palustri,

46 930 154 993 otiaque
164 929 249 979 invidia
259 931 379 994 degentem
387 937 411 978 et
420 930 500 977 fraude
509 928 604 985 remoti,

45 997 227 1058 Pollentemque
234 997 276 1053 aui,
286 996 353 1044 viridi
364 1008 415 1042 curn
426 996 519 1058 palmite
529 994 610 1042 ludens

46 1061 145 1110 'Iinolia
154 1063 273 1125 pampineo
284 1062 360 1108 subter
370 1074 436 1108 coma
446 1061 508 1109 velat
518 1061 610 1109 amictu.

47 1126 92 1174 Illi
104 1135 157 1174 aunt
167 1127 269 1190 grauidae
279 1126 363 1173 roranti
374 1125 434 1172 laete
443 1125 543 1188 capellae,

46 1192 87 1242 Et
97 1207 183 1248 nemus,
196 1198 220 1237 et
229 1191 325 1238 fecunda
337 1187 410 1245 Palea,
422 1197 447 1236 et
456 1190 516 1237 valle
528 1191 569 1236 aab
578 1189 628 1238 ima

47 1258 149 1320 Semper
158 1270 229 1320 opaea
236 1257 302 1303 notia
312 1255 426 1302 manantia
435 1254 535 1305 fontibus
545 1261 619 1302 antra.

46 1322 114 1377 Quia
123 1323 198 1384 magia
209 1328 287 1384 optate
299 1327 367 1382 queat
377 1332 428 1368 ease
435 1320 522 1367 beatior
532 1334 595 1377 aevo,
624 1382 626 1384 Ι

49 1387 131 1442 Quam
143 1387 182 1447 qui
192 1395 270 1433 mente
280 1387 360 1448 procul
368 1383 431 1449 purt,
443 1400 556 1447 sensuque
566 1385 689 1448 probando,

46 1449 110 1502 Non
120 1452 197 1500 avidas
207 1452 302 1499 inhiavit
313 1467 368 1514 opes
377 1468 385 1511 ς
401 1447 448 1500 uon
460 1452 533 1499 tristia
542 1451 607 1508 bella,
689 1454 724 1499 80

45 1517 105 1567 Nec
114 1516 204 1565 funesta
213 1518 279 1564 timet
289 1517 370 1565 vulidae
380 1517 503 1566 certamina
512 1518 608 1577 classis3

43 1579 115 1639 aton,
127 1583 203 1646 apoliir
214 1589 240 1630 ut
250 1590 327 1630 eunom
338 1581 416 1631 Derim
426 1584 566 1646 fulgentius
576 1589 643 1630 oruet

49 1648 159 1711 Templa,
168 1648 207 1695 vel
217 1659 310 1695 evectus
319 1646 389 1695 finem
399 1649 544 1695 transcendat
555 1648 664 1705 habendis

48 1714 183 1763 Adversum
194 1714 262 1761 aaevia
272 1713 332 1760 ultro
343 1720 411 1775 eaput
420 1714 523 1761 hostibus
533 1712 618 1759 offert?

48 1778 91 1827 Illi
100 1778 159 1826 falce
170 1776 238 1826 Deua
248 1777 337 1833 colitur,
348 1791 396 1825 non
406 1787 462 1834 arte,
473 1777 573 1841 politus:

49 1842 97 1891 Ille
107 1843 162 1890 colit
171 1843 251 1891 lucos:
269 1843 301 1890 illi
313 1843 429 1891 Panchaia
440 1859 499 1899 rura,
563 1877 565 1881 »
692 1893 695 1906 p

49 1908 159 1958 Floribus
169 1916 271 1971 agrestae
280 1909 356 1956 barbae
366 1909 512 1965 variantibus,
523 1909 618 1955 adauutt
717 1945 721 1949 .

50 1972 91 2021 Illi
102 1974 174 2021 dulcia
185 1974 248 2021 adeat
258 1974 352 2034 requies,
364 1982 388 2021 et
398 1987 454 2036 pura
464 1973 575 2035 voluptas,

52 2037 138 2088 Libera
145 2054 154 2097 ς
172 2038 309 2102 rimplicibus
319 2039 394 2086 ouria:
413 2039 467 2085 haio
478 2039 599 2097 imminet3
616 2050 698 2088 omnes

50 2103 141 2166 Dirigit
151 2104 196 2151 huo
207 2118 301 2161 eenaue;
316 2105 367 2151 baeu
377 2118 433 2151 cura
443 2112 478 2151 est
489 2104 577 2151 subdita
587 2105 655 2163 cordi.
688 2105 724 2155 90

52 2169 161 2224 Quobbet
171 2179 198 2217 ut
207 2168 270 2215 tenui
281 2169 343 2215 rictu
354 2176 476 2216 contentus
486 2169 590 2225 abundet,

49 2229 203 2295 Jucundoque
213 2235 271 2296 liget
279 2234 412 2295 languentia
421 2235 508 2290 lumina
518 2249 607 2282 somno.

54 2299 77 2348 0
87 2300 185 2363 pecudea
196 2298 201 2347 !
219 2297 243 2346 Ο
252 2297 341 2347 Panes!
360 2306 384 2345 et
394 2316 409 2346 o
420 2300 549 2362 gratissima
559 2299 663 2362 Tempe!

52 2364 141 2414 Naides
147 2371 176 2411 'et
187 2363 308 2425 Dryades!
327 2377 421 2425 quarum
433 2379 481 2412 nou
491 2365 561 2413 divite
571 2366 635 2412 cultu

54 2430 163 2479 AEmulus
173 2428 269 2477 Aauraeo
280 2436 358 2492 partor
368 2430 409 2476 eibi
420 2431 515 2491 quisque
525 2431 601 2491 podtae

52 2497 159 2545 Securum
169 2494 257 2558 placido
268 2495 364 2541 traducit
373 2500 466 2557 peotore
476 2496 546 2541 vitam
558 2494 563 2542 !

52 2560 145 2609 Talibus
155 2561 180 2607 in
193 2559 273 2607 studiis
279 2560 360 2606 baculo
371 2559 424 2607 dum
437 2560 505 2607 nixus
515 2559 600 2621 agresti

54 2626 135 2674 Pastor
146 2625 195 2705 agit
204 2637 277 2680 ouras,
288 2632 312 2671 et
323 2625 384 2680 dum,
396 2639 442 2672 non
453 2632 502 2671 arte
512 2638 615 2679 canorus,

54 2690 177 2755 compacta
187 2689 279 2738 aelium
290 2689 419 2738 modulatur
428 2689 538 2741 uuudine
548 2702 638 2737 carmen
645 2701 670 2745 ς,
713 2723 717 2730 .
