1709 2925
215 150 503 207 AEnnmocrnx
572 124 575 129 ’
649 162 698 210 srs
791 208 798 217 s

6 284 112 336 onera
125 283 209 348 regina
220 283 305 333 Parin:
324 284 391 334 Poris
399 286 455 333 urbe
464 281 559 349 petenti

9 352 127 400 Occubat
138 367 147 408 ;
165 350 270 412 ignarum
281 349 385 399 Inurens
395 351 462 398 hebet
473 367 512 398 ora
523 350 645 402 Mimanta.

9 417 49 465 Ae
62 416 136 464 velut
146 415 186 462 ille
197 429 279 462 canum
289 430 367 463 morsu
377 416 406 463 de
416 416 530 464 montibus
540 416 592 467 dtis
686 426 688 429 ’

10 484 95 530 Actus
107 495 172 544 aper,
182 481 268 528 multos
275 479 375 528 Venulus
384 496 453 542 quam
464 480 545 543 pinifer
553 496 629 531 annos

10 546 143 602 Defendit,
156 545 270 593 multosve
279 545 344 608 palus
354 544 485 600 Laurentio,
496 544 554 593 silvi
645 551 696 598 209

11 611 106 661 Pastus
116 607 249 665 nmndinei,
261 618 379 672 P⁰⁵¹llu⁸m
389 611 450 658 inter
460 611 518 658 retis
527 618 622 660 ventum
633 620 676 670 est,

12 675 136 732 Substitit,
150 674 310 736 infremuitque
319 675 391 731 ferox,
403 683 427 722 et
437 675 548 722 inhorruit
557 690 649 739 armon

12 740 69 789 Neo
81 742 193 802 cuiquem
203 740 268 788 irasci
279 741 399 803 propiusve
410 740 517 788 accedere
525 740 615 799 rirtus;

11 806 63 854 cea
75 805 166 870 Jueulis
176 806 276 866 tutisque
285 805 364 868 procul
375 804 509 852 clamoribus
519 804 621 853 instant:

12 869 59 918 Ille
70 877 153 918 autem
165 870 290 932 impavidus
300 879 376 933 partes
386 877 506 917 cunctatur
516 870 541 916 iu
550 882 639 929 omnes,

13 935 138 984 Dentibus
149 934 286 991 infrendens,
297 943 322 983 et
332 942 398 1000 tergo
408 935 494 984 decutit
505 935 595 993 hortm

15 999 92 1049 Haud
104 1001 178 1056 aliter,
190 1002 261 1064 justae
272 1001 353 1062 quibus
364 1008 398 1049 est
408 1000 544 1049 Mezentius
554 1000 604 1060 irre,

16 1062 77 1113 Non
89 1065 131 1112 ulli
142 1072 178 1113 eat
187 1067 278 1114 animus
289 1067 368 1113 stricto
378 1081 513 1115 concurrere
522 1066 601 1126 ferro;

18 1129 152 1178 Missilibus
162 1130 232 1193 longe
242 1138 266 1178 et
278 1138 344 1179 vano
355 1131 454 1179 clnmore
463 1132 584 1180 incessunt.

18 1194 125 1242 Venerat
136 1196 234 1258 antiquis
246 1193 343 1257 Corythi
355 1196 384 1243 de
394 1195 476 1244 annu·
486 1196 573 1253 Acron,
643 1199 693 1248 719

19 1260 109 1309 Graius
119 1261 196 1314 homo,
204 1260 300 1308 intectos
311 1261 415 1321 linquens
424 1259 535 1324 profugus
543 1262 689 1323 hymenaeos:

19 1323 94 1372 Hunc
105 1325 143 1372 ubi
155 1326 287 1373 miscentem
297 1325 368 1387 longe
378 1326 452 1372 media
462 1326 554 1388 agmina
563 1325 629 1384 vidit

19 1388 164 1453 Purpureum
175 1391 257 1452 pennis
267 1397 291 1438 et
301 1397 375 1452 pactre
385 1391 490 1453 conjugis
501 1398 578 1450 ortr03

21 1453 138 1519 impastus
149 1455 236 1503 stabula
244 1456 291 1504 nita
301 1455 338 1503 leo
349 1471 390 1503 ceu
402 1471 463 1518 saepe
473 1471 604 1520 peregrum,

34 1521 121 1569 Suadet
130 1522 192 1568 enim
202 1536 287 1569 resana
296 1519 379 1582 fames)
392 1522 411 1569 si
421 1520 481 1569 forte
490 1521 595 1585 fugacem

59 1587 150 1649 nspeait
160 1600 270 1649 mpmam,
279 1592 319 1634 sut
326 1594 458 1650 surgentem
466 1587 490 1634 in
498 1602 582 1636 cornua
589 1602 689 1647 oernmr,

22 1652 121 1706 Grudet,
132 1651 197 1699 hians
204 1652 310 1707 immane,
321 1667 442 1714 conumque
451 1653 542 1707 arrexit
553 1660 577 1699 et
587 1653 659 1701 haeret

20 1715 153 1829 Xiscenlus
164 1732 232 1779 super
242 1717 390 1777 incumbens;
406 1717 463 1766 lsrit
472 1718 574 1780 improba
583 1724 642 1765 teter

45 1797 69 1830 ra
79 1797 154 1830 cruor.

22 1847 60 1895 Sic
72 1848 117 1895 ruit
127 1848 150 1894 in
162 1847 245 1895 densos
256 1847 329 1897 alacer
340 1847 474 1897 Mezentius
484 1848 568 1894 hostes.

22 1912 134 1960 Sternitur
145 1912 224 1959 infelix
235 1912 322 1970 Acron,
333 1922 358 1961 et
368 1914 466 1962 calcibus
475 1921 546 1960 atram
640 1912 690 1960 780

21 1975 109 2024 'fundit
118 1979 213 2025 humum
223 1979 348 2040 exspirans,
358 1977 497 2038 infractaque
507 1978 553 2024 telo
562 1984 673 2026 cruentet.

21 2042 99 2104 Atque
109 2042 167 2089 idem
178 2041 303 2105 fugientem
315 2044 375 2091 haud
385 2051 420 2091 eat
431 2044 537 2104 dignatus
547 2041 640 2089 Oroden

20 2106 136 2162 Sternere,
147 2106 259 2171 neoJ'octi
269 2114 356 2156 caecum
367 2108 420 2157 dore
429 2107 524 2169 cuspide
533 2107 627 2155 vulnus:

23 2171 110 2218 Obvius
120 2172 259 2233 advnsoque
269 2173 372 2229 occurrit,
385 2188 455 2235 seque
465 2173 514 2220 viro
524 2172 560 2219 vir

23 2234 132 2292 Coumlit,
144 2238 202 2285 haud
212 2237 274 2285 furto
284 2240 370 2294 melior,
382 2240 422 2285 sed
432 2237 527 2285 fortibus
537 2238 612 2285 armis.

24 2300 83 2348 Tum
94 2316 160 2363 super
169 2303 279 2366 abjectum
290 2305 364 2367 posito
374 2303 431 2366 pede
442 2304 509 2351 nixus
519 2311 542 2350 et
553 2300 631 2350 hastdr

25 2364 80 2414 Pars
90 2366 141 2414 helli
151 2368 211 2415 haud
221 2369 348 2422 temnenda,
359 2369 409 2424 riri,
419 2371 483 2432 ⁴jacet
492 2369 552 2416 altus
563 2366 658 2416 Orodes.

25 2429 171 2480 Conclamant
181 2434 235 2480 socii
245 2434 324 2481 laetum
335 2448 415 2496 paeuna
425 2434 504 2481 secuti.

26 2493 68 2543 Ille
73 2504 145 2545 autem
153 2499 284 2562 exspirans:
303 2498 359 2545 Non
371 2514 415 2555 ma,
422 2500 557 2559 quicumque
565 2512 597 2552 es,
606 2495 686 2550 inulto.

27 2559 110 2617 Victor,
119 2577 162 2610 nec
171 2563 266 2627 longum
277 2563 397 2623 laetsbere3
414 2570 438 2611 te
447 2578 536 2625 quoque
545 2562 592 2608 fata
638 2563 687 2608 740

27 2624 169 2690 Prospectsnt
179 2630 249 2690 paria,
260 2636 329 2691 utque
339 2629 417 2677 eadem
428 2642 483 2674 mox
494 2642 548 2673 arra
558 2626 652 2674 tenebis.

24 2692 137 2756 nequem
146 2694 263 2746 subrident
273 2694 345 2745 nixtt
356 2693 490 2746 Mezentius
500 2689 547 2741 irrir

448 2761 494 2804 8⁸
