1709 2925
125 119 159 163 82
218 103 226 119 ’
303 111 493 165 GEORGICA.
509 113 619 165 Lan-IV.

126 246 234 308 Quotque
245 246 269 293 in
279 245 337 294 flore
346 260 408 293 novo
418 247 492 309 pomis
503 261 529 293 se
538 245 619 293 fertilis
630 247 697 295 arbos

125 310 239 366 Induerat,
252 312 346 359 totidem
356 320 479 358 auctumno
489 318 579 359 matura
588 314 689 360 tenebat.

125 376 170 424 llle
181 378 248 425 etiam
260 391 321 423 seraa
331 377 355 422 in
366 392 457 424 versum
468 376 556 424 distulit
565 377 648 431 ulmos,

125 439 272 503 Eduramque
281 442 363 503 pirum,
374 449 397 488 et
408 443 486 504 spinos
492 444 541 504 jam
552 457 625 504 pruna
634 442 740 497 ferentes,

125 505 223 568 Jamque
233 507 398 554 ministrantem
408 508 524 569 platanum
535 508 664 570 potantibus
676 509 770 555 umbras.

126 571 213 618 Verum
224 574 274 620 haec
285 573 333 634 ipse
344 572 447 633 equidem
458 573 536 635 spatiis
546 573 652 620 exclusus
663 575 745 635 iniquis

125 636 248 694 Praetereo,
259 645 328 699 atque
338 638 388 684 aliis
397 645 451 699 post
461 653 499 684 me
509 639 655 685 memoranda
666 640 772 700 relinquo.

156 702 227 750 Nunc
237 718 287 765 age,
298 710 389 750 naturaa
399 703 477 765 apibus
487 719 544 764 quaa
552 701 644 765 Jupiter
654 704 703 767 ipse

126 767 227 823 Addidit,
239 768 363 831 expediam,
375 784 416 830 pro
426 767 472 829 quir
481 769 594 826 mercede,
605 784 702 817 canoros
745 772 793 815 150

126 831 236 880 Curetum
248 833 335 880 s'onitus
346 834 520 896 crepitantiaque
531 849 578 881 aera
588 842 680 891 secutae,

125 897 218 946 Dictaeo
229 899 284 952 coeli
292 898 383 960 Regem
394 896 478 960 pavere
488 900 530 946 sub
540 906 613 946 antro.
667 937 671 944 ,

126 963 188 1011 solae
199 979 330 1011 communes
340 973 412 1017 natos,
425 964 539 1011 consortia
549 972 609 1011 tecta

126 1027 197 1075 Urbis
206 1030 296 1083 habent,
307 1029 442 1090 magnisque
452 1030 540 1091 agitant
550 1031 592 1076 sub
601 1029 691 1091 legibus
702 1045 791 1093 aevum5

126 1092 160 1140 Et
169 1095 264 1156 patriam
276 1092 331 1139 solae
341 1100 364 1139 et
375 1101 450 1140 certos
461 1092 546 1141 novere
555 1103 649 1157 penates
655 1112 664 1151 ;

127 1157 282 1219 Venturaeque
292 1159 373 1205 hianda
384 1161 496 1205 memores
507 1167 586 1206 aestate
595 1159 694 1207 laborem

124 1221 287 1285 Experiuntur,
299 1229 323 1269 et
332 1223 356 1270 in
366 1224 466 1270 medium
477 1226 573 1288 quaesita
583 1233 703 1287 reponunt.

124 1287 232 1350 Namque
243 1289 293 1338 aliae
303 1289 366 1336 victu
375 1289 503 1352 invigilant,
514 1297 538 1337 et
547 1290 633 1337 foedere
643 1300 709 1352 pacto
781 1315 787 1332 x

125 1352 270 1401 Exercentur
279 1354 356 1415 agris5
369 1370 421 1416 pars
432 1356 492 1401 intra
503 1363 566 1417 septa
576 1356 695 1403 domorum

125 1417 229 1466 Narcissi
238 1419 369 1480 lacrymam,
378 1426 403 1467 et
412 1419 500 1468 lentum
512 1420 540 1469 de
551 1421 635 1469 cortice
645 1422 731 1485 gluten,
743 1423 796 1470 160

125 1483 204 1532 Prima
213 1484 271 1533 favis
281 1485 517 1547 ponuntfundamina,
529 1487 609 1534 deinde
619 1494 710 1536 tenaces

124 1549 272 1611 Suspendant
282 1565 360 1609 ceras3
375 1550 432 1606 aliae,
444 1566 507 1614 spem
519 1553 602 1614 gentis,
613 1553 703 1604 adultos

124 1613 234 1663 Educunt
243 1614 318 1673 fetns3
335 1616 386 1663 aliae
395 1618 516 1678 purissima
527 1617 594 1664 mella

126 1680 222 1743 Stipant,
234 1689 258 1729 et
266 1681 352 1742 liquido
362 1682 494 1730 distendunt
504 1691 595 1730 nectare
606 1683 681 1730 cellas.

126 1745 192 1802 Sunt,
203 1748 283 1809 quibus
293 1747 321 1794 ad
331 1754 409 1810 portas
419 1748 500 1795 cecidit
510 1749 612 1795 custodia
622 1749 692 1805 sorti3

126 1809 200 1873 Inque
210 1813 284 1860 vicem
295 1813 439 1876 speculantur
449 1828 518 1874 aquas
529 1823 553 1876 et
563 1813 638 1860 nubila
648 1814 717 1870 coeli3

126 1877 176 1924 Aut
187 1893 256 1925 onera
267 1879 379 1942 accipiunt
389 1880 529 1933 venientum,
541 1891 580 1925 aut
590 1879 681 1941 agmine
691 1880 752 1927 sacto

124 1939 246 2005 Ignavm,
256 1944 329 1999 fucos,
339 1960 408 2007 pecus
419 1959 433 1991 a
443 1944 580 2007 praesepibus
590 1951 675 1991 arcent.

27 2020 32 2029 ¹
125 2006 210 2055 Fervet
220 2024 283 2069 opus,
294 2010 441 2071 redolentque
452 2011 532 2070 thymo
543 2008 666 2072 fragrantia
676 2009 751 2057 mella.

124 2072 162 2120 Ac
172 2072 250 2125 veluti,
261 2074 329 2123 lentis
337 2073 452 2138 Cyclopes
461 2074 556 2121 fulmina
566 2075 647 2122 massis
746 2075 792 2122 170

125 2136 186 2187 Cum
197 2147 323 2200 properant,
335 2141 372 2186 alii
383 2141 478 2187 taurinis
486 2139 578 2187 follibus
589 2155 655 2187 auras

123 2203 248 2265 Accipiunt
259 2204 407 2266 redduntque,
419 2205 457 2252 alii
468 2204 585 2253 stridentia
595 2206 688 2268 tingunt
782 2214 784 2221 ’

122 2269 182 2317 AEra
192 2268 257 2325 lacu3
275 2271 348 2331 gemit
357 2271 468 2332 impositis
478 2271 596 2319 incudibus
607 2270 696 2329 AEtna3

123 2332 162 2380 Illi
173 2334 233 2379 inter
245 2349 295 2380 sese
305 2333 389 2397 magna
399 2336 422 2382 vi
432 2337 523 2384 brachia
533 2336 617 2384 tollunt

124 2397 153 2446 In
165 2414 291 2453 numerum,
302 2407 439 2462 vernantque
449 2401 523 2449 tenaci
531 2401 619 2465 forcipe
629 2399 729 2448 ferrum:

123 2464 180 2511 Non
190 2464 263 2521 aliter,
275 2465 294 2510 si
304 2479 374 2526 parva
382 2465 437 2512 licet
448 2481 584 2529 componere
593 2467 691 2529 magnis,

125 2527 249 2591 Cecropias
259 2530 350 2577 innatus
360 2545 414 2592 apes
424 2546 488 2578 amor
498 2539 566 2594 urget
575 2532 678 2587 habendi,

124 2593 224 2640 Munere
233 2609 346 2656 quamque
356 2610 405 2641 suo.
429 2597 567 2644 Grandaevis
577 2597 658 2660 oppida
668 2608 736 2653 cura,

125 2657 159 2706 Et
169 2659 258 2708 munire
267 2659 339 2717 favos,
350 2667 375 2707 et
385 2660 472 2708 daedala
480 2659 569 2724 fingere
578 2669 653 2710 tecta:
