1709 2925
234 82 399 134 AENEIDOS
415 83 469 135 Lus.
481 83 527 133 IV.
666 92 715 140 1⁵9

27 218 108 273 Ante,
122 214 213 271 Pudor,
225 229 292 277 quam
302 223 327 263 te
336 214 405 272 violo,
417 223 457 263 aut
467 222 506 264 tua
512 217 565 279 jura
576 217 673 266 resolvo.

28 281 78 330 llle
88 297 170 337 meos,
182 281 268 343 primus
278 283 317 343 qui
327 296 366 328 me
376 282 417 328 sibi
424 283 508 344 junxit,
519 297 607 329 amores

30 347 162 395 Abstulitr
181 346 220 392 ille
230 347 311 394 babeat
321 361 398 393 secum
408 355 528 408 servetque
539 348 648 410 sepulcro.

32 412 73 459 sic
85 411 162 459 effata
172 411 248 458 sinum
259 411 365 472 lacrymis
375 411 477 475 implevit
487 413 579 460 obortis.
680 416 716 461 80

65 478 143 525 Anna
155 475 233 531 refert,
244 475 267 524 0
278 477 330 523 luce
339 478 412 538 magis
424 477 505 524 dilecta
516 478 603 526 sorori!
616 521 619 525 ,

35 543 126 590 Solane
135 539 248 604 perpetui
258 556 358 589 moerens
368 540 460 604 carpite
465 541 580 605 juventi?

33 606 88 655 Nec
100 606 185 653 dulces
195 614 267 661 natos,
279 606 377 653 Veneris
387 621 431 653 nee
440 608 533 669 praemia
543 606 622 654 miris?

35 670 64 719 1a
76 673 183 720 cinerem
194 680 234 719 aut
244 671 327 719 Manes
337 672 410 718 eredis
420 686 499 719 curare
510 671 628 734 sepultos?

36 736 113 786 Esto:
135 751 224 798 aegram
235 737 291 785 nulii
302 738 415 798 quondam
426 734 512 783 flexire
520 738 609 795 mariti;

37 801 95 850 Non
108 800 202 863 Libyae,
213 816 261 848 non
270 809 324 849 ante
333 801 415 863 Tyro3
431 802 550 864 despectus
561 800 646 858 Iarbas,

38 866 206 927 Ductoresque
217 867 261 922 alii,
273 882 329 927 quos
340 866 420 914 Africa
429 874 490 914 terra
500 868 618 930 triumphis

39 931 116 979 Dives
127 932 186 979 alit:
204 932 318 994 placitone
328 933 396 979 etiam
405 933 517 996 pugnabis
527 933 617 979 amori?

40 996 91 1045 Nee
102 997 205 1044 venitin
216 1005 326 1055 mentem,
337 1013 433 1058 quorum
444 998 573 1045 carimeris
584 996 662 1045 arvis?

42 1061 107 1110 Hinc
119 1060 225 1109 Gaetulae
235 1064 307 1117 urbes,
319 1076 394 1125 genus
402 1063 551 1125 insuperabile
560 1062 627 1119 bello,
681 1066 716 1111 40

43 1127 74 1175 Et
85 1127 199 1191 Numidae
209 1127 292 1174 infreni
303 1129 405 1190 cingunt,
417 1135 440 1174 et
451 1129 564 1190 inhospita
575 1128 664 1190 Syrtiss

45 1192 108 1240 Hinc
119 1193 211 1240 daerta
222 1192 258 1239 riti
269 1193 340 1254 regio,
351 1194 442 1253 lateque
452 1192 553 1239 furentes

44 1255 141 1305 Barcaei.
169 1257 233 1311 Quid
242 1258 300 1304 bella
311 1257 375 1320 Tyro
386 1259 503 1321 surgentia
513 1258 593 1314 dicam,

46 1323 200 1383 Gemanique
209 1323 300 1370 minas?
623 1356 624 1359 η

46 1386 89 1435 Dis
99 1388 205 1451 equidem
217 1388 343 1450 auspicibus
354 1402 406 1435 reor
415 1395 439 1434 et
449 1387 543 1436 Junone
554 1386 653 1436 secundi

48 1450 116 1502 Hunc
126 1469 219 1501 cursum
231 1451 313 1501 Iliacas
323 1461 393 1500 vento
403 1455 504 1502 tenuisse
514 1455 609 1502 carinas.

48 1517 120 1575 Quam
135 1527 161 1567 tu
176 1521 262 1576 urbem,
279 1535 350 1575 soror,
366 1520 425 1567 hane
441 1519 534 1569 cernes!
553 1536 605 1582 quae
621 1534 715 1584 surgere

139 1597 213 1647 '08⁰⁸

51 1647 160 1714 conjugio
171 1649 224 1697 tali!
253 1648 369 1697 Teucriim
381 1649 539 1697 comitantibus
549 1651 625 1706 armis,

51 1713 134 1763 Punica
144 1730 169 1762 se
179 1715 269 1775 quantis
280 1715 369 1762 attollet
380 1715 454 1778 gloria
465 1714 544 1762 rebus!

51 1777 88 1828 Tu‘
94 1781 162 1827 modo
173 1794 241 1841 posue
253 1778 318 1827 Deos
328 1780 426 1834 veniam,
438 1780 551 1841 sacrisque
559 1778 631 1826 litatis
681 1777 715 1828 50

52 1841 144 1908 Indulge
154 1843 259 1907 hospitio,
270 1860 393 1907 musasque
403 1846 494 1892 inneute
503 1843 613 1898 morandi,

52 1907 112 1957 Dum
123 1911 203 1973 pelago
214 1909 308 1957 desaevit
318 1911 397 1966 hiems,
409 1917 433 1957 et
444 1924 541 1970 aquosus
552 1908 633 1965 Orion,

55 1973 211 2037 erassataeque
221 1984 288 2030 rates,
300 1975 353 2022 dum
365 1990 412 2022 non
422 1974 538 2022 tractabile
548 1974 639 2021 coelnm.

55 2038 97 2088 His
107 2041 170 2087 (lictis
179 2041 296 2087 incensum
307 2041 407 2088 animum
417 2039 567 2087 inflammavit
576 2055 663 2098 amore,

56 2104 161 2168 Speroque
169 2106 230 2152 (ledit
240 2106 314 2153 dubiae
324 2106 402 2161 menti,
414 2105 526 2167 solvitque
535 2105 654 2167 pudorem.

85 2170 193 2232 Principio
203 2171 295 2218 delubra
305 2172 394 2227 adernt,
405 2186 529 2234 pacemque
538 2186 580 2233 per
590 2186 642 2219 aras

57 2232 191 2297 Esquiruut3
207 2243 308 2283 mactant
317 2237 387 2283 lectas
398 2236 426 2282 de
437 2252 501 2283 more
511 2237 614 2283 bidentes
704 2231 707 2241 '

57 2297 257 2363 legiferae-Cereri,
271 2299 409 2363 Phtreboque,
419 2303 523 2363 patrique
533 2300 624 2362 Lyaeo3

58 2364 136 2413 Junoni
146 2373 195 2413 ante
206 2382 292 2422 ornnes,
304 2367 340 2413 cul
351 2366 426 2413 vinela
432 2368 520 2429 jugalia
531 2383 599 2413 curse.

56 2427 112 2491 Ipsa
122 2437 196 2478 tenens
207 2431 286 2479 dextri
295 2439 403 2493 pateram,
413 2433 564 2493 pulcherrima
576 2431 647 2486 Dido,
680 2432 714 2476 60

60 2492 171 2543 Candentis
181 2511 256 2544 vaccae
267 2498 340 2544 media
349 2499 409 2544 inter
419 2512 505 2543 cornua
514 2496 604 2551 sunam
619 2523 621 2528 ·

59 2560 104 2607 Aut
113 2569 161 2608 ante
170 2578 208 2609 ora
218 2562 297 2610 Delam
306 2564 404 2625 pingues
415 2563 524 2624 spatiatur
535 2561 563 2606 ad
574 2573 632 2611 aras,

60 2621 203 2690 hnmanae
212 2628 272 2677 illem
283 2625 355 2685 donis,
366 2628 523 2691 pecudumque
533 2624 626 2671 reclusis
