1709 2925
202 103 394 155 GEORGICA.
410 103 463 154 Lm
476 101 524 157 111.
668 114 698 163 78

17 251 19 296 t
44 232 152 299 Primaque
161 236 250 284 ferratis
260 235 386 299 praeligunt
395 251 436 283 ora
446 238 555 299 capistris.

17 329 18 342 t
44 302 104 357 Quod
114 310 217 365 surgente
228 303 265 349 die
275 300 375 348 mulsere
386 302 491 362 horisque
501 304 594 360 diurnis,
650 311 702 355 400

43 365 110 415 Nocte
119 375 237 430 premunt,
255 368 316 427 quod
323 367 372 429 jam
384 367 482 413 tenebris
493 375 516 413 et
526 369 574 416 sole
584 371 688 428 cadente,

17 447 19 450 ’
44 431 84 479 sot
93 433 161 480 luceru
173 439 295 494 exportans
306 431 400 477 calathis
411 431 458 478 adit
468 433 548 494 oppida
558 443 635 496 pastor
641 453 650 495 ς

17 511 18 536 t
43 497 85 543 Aut
94 514 157 561 parco
167 498 214 545 sale
224 497 369 558 contingunt,
380 497 493 558 hiemique
503 509 621 561 reponam

17 557 19 596 ἶ
69 561 115 610 Nec
125 564 164 610 tibi
175 578 229 609 cura
239 576 321 608 cauum
332 560 401 607 fuerit
411 573 539 623 postrema:
559 565 600 611 sed
611 564 657 618 und

42 623 128 675 Velooes
139 628 226 690 Sparte
237 626 325 673 catulos
336 621 456 687 acremque
467 626 598 676 Molossum

42 688 105 740 Pasce
115 708 164 740 sero
173 692 262 754 pingui.
285 690 417 751 Nunquam,
429 692 560 740 custodibus
570 694 622 749 illis,

42 753 174 806 Nocturnum
186 756 278 804 stabulis
289 755 369 810 larem,
380 757 529 818 incursusque
540 758 650 821 luporum,

41 820 83 868 Aut
92 825 211 885 impacatos
221 837 235 869 a
245 828 312 884 tergo
322 822 423 868 horrebis
435 820 523 870 Iberos.

41 885 99 950 Seps
108 890 174 935 niam
185 903 253 935 cursu
264 887 355 933 timidos
365 887 462 949 agitabis
472 903 580 951 onagros,

40 950 69 998 Et
77 955 164 1001 caulius
173 954 281 1017 leporem,
293 952 384 998 canibus
395 954 506 1001 venabere
517 953 601 1002 damas.
648 958 699 1005 410

41 1016 97 1080 Seps
105 1019 227 1068 volutabris
238 1018 316 1081 pulsos
327 1017 466 1065 silvestribus
477 1034 543 1080 apros

41 1079 123 1134 latratu
134 1084 232 1132 turbabis
243 1098 324 1146 agens,
334 1090 468 1145 montesque
478 1100 518 1146 per
528 1084 587 1133 altos

39 1143 151 1211 Ingentem
162 1150 260 1197 clamore
271 1163 360 1210 premes
370 1148 398 1194 ad
405 1150 467 1206 retia
477 1165 576 1197 cervum.

66 1213 133 1262 Disce
143 1222 168 1262 et
177 1215 293 1262 odoratam
305 1213 397 1260 stabulis
408 1215 532 1261 accendere
543 1216 643 1273 cedrum,

42 1273 190 1342 Galbaneoque
200 1281 288 1341 agitare
298 1294 380 1341 graves
391 1279 471 1325 nidore
482 1279 608 1340 chelydros.

41 1342 97 1407 Sepe
106 1347 147 1393 sub
158 1346 259 1392 immotis
269 1344 406 1405 praesepibus
416 1351 455 1390 aut
466 1345 525 1391 mala
536 1352 598 1417 tactp

39 1404 113 1472 Vipera
123 1411 218 1466 delituit,
231 1409 358 1471 eoelumque
369 1411 477 1456 exterrita
486 1409 561 1473 fngit;

39 1473 80 1522 Aut
88 1484 147 1524 tecto
158 1484 262 1524 amuetus
274 1476 364 1523 coluber
375 1476 496 1523 succedere
506 1483 530 1523 et
540 1478 633 1535 ambre,

39 1537 102 1589 Pestis
112 1543 191 1591 acerba
201 1541 277 1595 botlm,
289 1541 409 1605 pecorique
419 1541 556 1604 adspergere
563 1543 634 1599 virus,

39 1601 97 1654 Fovit
105 1609 208 1655 humum.
233 1604 296 1668 Cape
308 1621 363 1654 saxa
370 1622 446 1662 manu,
454 1622 510 1670 cape
517 1607 603 1663 robora,
612 1615 696 1672 pastor,

38 1667 200 1733 Tollentemque
209 1673 284 1718 minas
292 1678 315 1718 et
327 1671 390 1718 sibila
400 1672 459 1719 colla
469 1679 594 1719 tumentem
648 1678 694 1720 421

38 1732 646 1864 ulscisceretur,arcturus

40 1864 158 1924 dabuntur,
170 1868 291 1927 tardosque
302 1867 371 1914 trahit
381 1868 445 1913 sinus
456 1867 549 1912 ultimus
560 1866 634 1913 orbes.

38 1927 76 1979 Est
84 1935 149 1982 etiam
159 1933 199 1980 ille
210 1932 283 1979 malus
292 1929 394 1981 Calabris
404 1933 429 1978 ia
440 1931 533 1977 saltibus
544 1930 632 1993 anguis,

38 1995 137 2059 squamea
147 1997 289 2045 convolvens
299 1998 386 2044 sublato
396 2004 489 2059 pectore
499 2003 570 2058 terga,

37 2062 104 2125 Atque
114 2066 175 2111 notis
185 2063 279 2125 longam
289 2062 419 2109 maculosus
428 2061 552 2124 grandibus
563 2061 655 2124 alvum3

38 2126 85 2187 Qui,
96 2130 148 2176 dum
159 2143 240 2176 amnes
250 2127 290 2174 ulli
301 2135 436 2190 rumpuntur
446 2126 552 2183 sontibus,
564 2135 588 2174 et
598 2128 652 2175 dam

37 2189 89 2241 Vere
99 2195 192 2242 madent
202 2193 250 2240 udo
258 2200 326 2240 terrae
337 2208 364 2239 ac
374 2193 509 2254 pluvialibus
519 2193 621 2251 Austris,
649 2201 699 2247 429

37 2256 113 2322 Stagna
122 2260 193 2316 colit;
209 2259 308 2321 ripisque
318 2258 429 2315 babitans,
440 2258 477 2305 bic
488 2257 586 2320 piscibus
596 2266 669 2308 atram

37 2319 146 2386 lmpmbus
156 2325 282 2386 ingluviem
296 2324 402 2384 ranisque
411 2323 542 2385 loquacibus
552 2322 635 2384 explet.

36 2384 150 2452 Postquam
161 2396 244 2437 exusta
253 2389 325 2452 palus,
335 2395 447 2448 terraque
458 2388 538 2434 ardore
548 2386 674 2442 debiscunt,

36 2449 112 2501 Emillt
121 2457 145 2503 in
157 2455 251 2511 siceum,
262 2461 286 2502 at
296 2453 436 2500 flammantia
445 2453 532 2499 lumina
541 2457 651 2508 torquens

37 2517 100 2567 berit
110 2521 180 2584 agris,
191 2535 301 2583 asperque
312 2519 349 2566 siti
360 2525 427 2579 atque
438 2516 560 2564 exterritus
571 2516 638 2556 aestu·

36 2581 130 2633 Nemini
141 2594 193 2633 tum
204 2585 286 2633 molles
297 2585 338 2635 sub
349 2584 402 2633 divo
413 2596 506 2645 carpere
517 2586 618 2624 somnos,

37 2646 83 2699 Neu
93 2652 160 2702 dorso
171 2650 272 2702 nemoris
282 2649 351 2698 libeat
358 2648 457 2714 jacuisse
466 2658 508 2706 per
519 2638 608 2691 herbas,

224 2724 226 2730 ⁸
490 2718 510 2750 ra
