1709 2925
119 194 167 241 ree
312 176 477 236 AErtssmos
493 177 591 239 hav.

118 316 153 366 Et
162 318 267 380 clypeum
277 315 350 363 efferri
362 317 439 379 jussit,
450 308 604 379 Didymaonie
614 325 681 374 artes,
716 310 720 316 ’

116 382 220 445 Neptuni
232 394 295 429 sacro
307 381 395 429 Danais
406 383 435 429 de
443 390 509 445 poste
521 383 624 430 refixum.
733 384 780 431 860

15 452 19 461 ’
119 447 174 494 Hoc
180 449 289 510 juvenem
300 448 418 509 egregium
429 449 545 509 prestanti
556 463 653 496 munere
661 450 735 497 donat.

151 512 215 567 Pont,
226 512 263 558 ubi
274 511 371 558 coniecti
381 527 468 568 cursus,
479 520 503 559 et
514 513 573 560 dona
582 516 686 576 peregit:

118 576 196 632 Nunc,
207 578 226 624 ei
236 577 273 624 cui
283 578 362 631 vimus,
374 578 506 639 animusque
515 579 539 624 in
550 586 642 640 pectore
653 594 757 642 premens,

117 643 192 697 Adsit,
204 648 227 689 et
237 643 332 689 evinctis
343 642 431 709 attollat
440 644 530 690 brachia
539 643 627 705 palmis.

118 707 156 754 sic
167 708 205 763 eit,
216 714 240 754 et
253 708 369 770 geminum
379 722 464 770 pugnae
474 709 579 770 proponit
588 709 714 767 honorem

117 768 206 819 Victori
217 773 316 820 velatum
328 788 382 819 auro
392 774 500 834 vittisque
505 775 630 836 juvencum
639 792 648 831 ;

118 836 213 893 Ensem,
225 846 293 900 atque
302 839 415 900 insignem
426 839 522 899 galcam,
535 839 615 885 solatia
624 840 695 886 victo.
779 884 782 889 .

117 901 170 950 Nec
180 918 258 961 mora;
275 904 382 950 continuo
394 903 464 950 vastis
474 918 526 950 curn
537 904 622 950 viribus
632 904 698 951 effert

118 968 166 1015 Ora
177 968 258 1022 Dares,
270 982 399 1029 magnoque
408 968 483 1014 virum
494 983 519 1014 se
529 983 645 1016 murmure
655 969 731 1026 totiit;

118 1033 185 1080 Solus
196 1035 234 1093 qui
245 1032 349 1079 Paridem
361 1033 441 1080 solitus
451 1034 587 1080 contendere
597 1041 691 1090 contra;
736 1036 780 1081 370

116 1096 226 1158 Idemque
237 1099 265 1144 ad
275 1098 449 1158 tumulumque
460 1099 571 1145 maximus
583 1100 678 1146 occubat
689 1098 780 1152 Hector,

116 1160 234 1209 Victorem
246 1161 322 1209 Buten
333 1163 425 1209 immani
437 1179 537 1225 corpore,
549 1165 587 1225 qui
598 1179 624 1210 ne

116 1225 229 1288 Bebrycii
239 1230 332 1283 veniens
343 1228 427 1289 Amyci
439 1229 467 1275 de
477 1237 546 1290 gente
556 1228 647 1284 serebat,

118 1291 225 1346 Perculit,
237 1300 260 1339 et
270 1291 333 1340 lulvi
342 1294 500 1340 moribundum
512 1294 613 1341 extendit
623 1293 701 1341 arenci.

116 1355 181 1403 Talia
189 1357 262 1421 prima
273 1357 348 1404 Dares
359 1365 426 1420 caput
436 1359 506 1405 altum
517 1360 541 1405 in
551 1359 632 1421 proelia
643 1358 710 1415 tollit,

117 1420 268 1484 Ostenditque
278 1424 383 1470 humeros
394 1423 460 1478 laton,
470 1422 600 1485 alternaque
604 1425 679 1487 jactat

114 1483 214 1534 Brachia
223 1488 368 1550 protendens,
379 1494 404 1535 et
413 1490 517 1536 verberat
526 1491 607 1536 ictibus
617 1504 692 1537 auran.

117 1552 234 1606 Quaeritur
244 1553 296 1600 huic
307 1553 364 1599 aliur
370 1570 378 1611 ς
395 1569 439 1601 nec
449 1556 566 1615 quisquam
578 1569 608 1601 ex
618 1555 711 1617 agmine
720 1560 778 1601 tanto

116 1617 194 1665 Audet
204 1617 264 1665 adire
274 1618 356 1673 virum,
367 1619 514 1681 manibusque
525 1620 632 1667 inducere
643 1627 733 1668 caertus.

114 1681 182 1747 Ergo
192 1683 278 1739 alacris,
290 1689 428 1745 cunctosque
438 1692 520 1746 putans
531 1686 639 1731 excedere
649 1684 730 1748 palmi,

114 1747 199 1796 AEneae
210 1748 272 1795 stetit
283 1756 335 1797 ante
344 1750 429 1811 peden
447 1764 489 1796 nec
499 1750 564 1813 plura
573 1758 681 1806 moratus,
735 1751 774 1797 sel

115 1812 177 1861 Tum
188 1813 248 1861 laeva
258 1821 347 1862 taurum
358 1829 429 1862 cornu
441 1821 510 1869 tenet,
521 1823 588 1877 atque
598 1815 631 1861 ita
640 1815 717 1863 saturt

114 1876 178 1926 Nate
190 1878 249 1936 Det,
262 1882 281 1927 si
292 1895 360 1927 nemo
370 1880 438 1927 audet
449 1896 474 1927 se
483 1880 574 1927 credere
584 1894 676 1942 pugnae,

116 1942 176 1997 Quae
186 1944 238 1992 finis
250 1945 340 1991 standi?
356 1961 401 2007 quo
411 1960 450 1992 me
461 1944 525 1992 decet
535 1960 606 2005 usque
617 1945 710 1991 teneri?

115 2005 210 2055 Ducere
220 2007 280 2056 done
286 2011 348 2072 jube.
380 2008 464 2059 Cuncti
476 2010 542 2056 simul
553 2025 592 2055 ore
602 2008 729 2058 fremebant

115 2069 260 2128 Dardanidae,
272 2074 378 2137 reddique
388 2075 438 2122 viro
449 2075 558 2136 promissa
563 2074 682 2137 jubebant.

114 2131 165 2181 Hic
175 2138 251 2197 grava
262 2137 379 2186 Entellum
391 2140 457 2186 dictis
467 2139 563 2202 castigat
573 2139 677 2195 Acestes,

115 2199 237 2248 Ptoximue
248 2210 274 2247 ut
284 2204 395 2250 viridante
406 2210 457 2252 toro
469 2204 599 2251 comederat
609 2205 702 2252 herbae:

114 2263 214 2321 Entelle,
225 2266 320 2313 heroum
331 2269 444 2328 quondam
455 2268 577 2320 fortissime
587 2268 679 2326 trustra,

114 2328 218 2378 Tantane
229 2337 276 2378 tarn
287 2332 374 2394 patiens
385 2333 449 2380 nullo
460 2336 582 2381 certamine
593 2333 642 2381 tolli
734 2338 779 2383 390

113 2394 186 2443 Dona
197 2395 274 2443 sinen?
290 2397 328 2442 ubi
340 2411 400 2444 nunc
410 2400 475 2446 nobis
486 2400 540 2447 deun
550 2399 595 2452 ille,
607 2400 717 2461 magister

113 2458 274 2523 Nequidquam
285 2470 429 2518 memoratur,
439 2462 520 2525 Eryx?
532 2465 569 2512 ubi
576 2463 637 2511 fama
644 2479 686 2526 per
693 2477 777 2513 omnem

113 2523 260 2582 Trinacriam,
273 2534 297 2573 et
347 2527 377 2573 lia
387 2526 425 2575 ilia
435 2529 480 2575 tuis
490 2530 611 2590 pendentia
621 2529 709 2576 tectis?

113 2586 158 2636 Ille
169 2591 210 2640 nub
221 2592 285 2639 haec:
306 2542 361 2638 {de
372 2589 444 2639 laudis
455 2609 523 2650 amor,
535 2610 578 2641 nec
588 2594 661 2657 gloria
672 2595 740 2643 cenot

113 2650 185 2701 Pulsa
194 2665 272 2716 metu3
288 2656 330 2708 ted
339 2657 402 2706 enim
410 2658 501 2721 gelidus
510 2659 614 2708 tardante
627 2658 720 2708 renecti
