1709 2925
239 251 245 258 ,
258 195 436 254 ,muniunt
449 196 502 246 Lu.
512 196 572 247 VII.
705 203 754 252 ²85

85 326 231 384 &vadosis
241 328 330 390 conjux,
342 342 451 390 aurasque
461 329 551 376 invecta
560 329 665 388 teueltmr

84 394 118 443 Et
128 395 208 448 letum
219 392 318 439 AEneam
329 392 468 455 classemque
479 408 508 441 ex
520 394 603 442 aethere
613 394 684 457 longo

83 459 225 508 Dardaniam
238 457 314 505 Siculo
324 459 440 521 prospexit
449 460 477 506 ab
487 473 558 520 usque
568 458 686 522 Pachyno.

83 524 165 573 Moliri
172 525 222 585 jaun
232 529 292 569 tecta
302 523 369 577 videt,
376 525 425 586 Jam
435 522 504 571 fidere
514 531 581 571 terre
587 541 595 584 ;
702 528 752 575 290

81 588 222 637 Deseruisse
232 594 299 635 rates.
332 588 399 635 Stetit
409 590 455 635 acri
465 588 511 636 fixa
521 589 610 636 dolore:

82 652 145 702 Tum
159 667 270 714 quassans
280 660 353 715 captat,
365 654 414 699 lraeo
425 652 521 700 effirudit
529 662 621 715 pectore
631 655 703 703 diota:

82 718 140 767 Heu
151 719 245 780 stirpem
256 717 357 772 invisam,
369 726 392 765 et
402 717 455 765 satis
465 719 578 765 contraria
588 720 670 766 nostris

72 783 141 831 .Fatu
153 782 287 845 Phrygum!
305 798 358 831 num
369 783 445 846 Sigeis
455 783 588 830 occumbere
597 784 688 846 campis,

81 848 148 898 Num
160 847 219 911 capti
229 845 323 909 potuere
333 848 400 910 capi?
417 864 471 895 num
482 849 574 895 incensa
584 849 692 895 cremavit

80 912 154 977 Troja
164 912 243 960 virosi
259 913 344 961 medias
353 914 418 968 acies,
431 913 561 974 mediosque
571 928 611 975 per
621 914 686 976 ignes

81 975 198 1026 Invenire
208 978 275 1025 viam.
306 977 345 1034 Ar,
358 979 432 1034 credo,
444 993 495 1025 rnen
505 979 598 1025 numina
608 979 698 1026 taudem

80 1043 155 1093 Fessa
161 1045 245 1107 jacent,
257 1042 313 1090 odiis
322 1051 363 1091 aut
372 1051 501 1091 exsaturata
511 1044 585 1105 quievi
593 1042 639 1092 i-

80 1109 147 1165 Quin
159 1109 226 1162 etiam
237 1105 309 1170 patrii
318 1122 426 1155 exonam
436 1108 518 1156 infesta
528 1124 568 1172 per
578 1109 649 1156 undas

79 1175 148 1223 Ausa
159 1173 230 1233 sequi,
242 1181 265 1220 et
274 1171 377 1235 profugis
387 1180 438 1221 toto
447 1189 485 1220 me
495 1189 608 1237 opponere
617 1181 695 1236 ponto.

79 1239 204 1296 Absumtae
214 1238 237 1284 in
248 1237 351 1285 Teucros
361 1239 421 1285 vires
432 1238 529 1299 eoelique
539 1254 577 1285 ma
589 1239 595 1251 '
622 1255 658 1286 ue
699 1241 744 1290 301

80 1304 145 1360 Quid
158 1304 244 1363 syrtes,
255 1311 294 1350 aut
306 1302 383 1364 Scylla
392 1304 454 1356 milri,
466 1304 519 1364 quid
529 1254 637 1352 vastam&
708 1305 714 1316 '

78 1365 189 1417 Profuit?
206 1374 283 1430 optato
293 1369 421 1416 conduntur
432 1366 553 1429 'llrybridis
563 1369 634 1423 alveo,

78 1434 161 1485 &euri
171 1432 245 1496 pelagi
257 1440 323 1496 atque
332 1434 384 1481 mei.
417 1432 484 1482 Mars
493 1434 586 1497 perdere
595 1440 688 1498 gentem

75 1499 210 1548 Immanem
221 1498 343 1563 Lapithum
355 1499 442 1555 valuit;
458 1501 571 1548 concessit
581 1502 605 1547 iu
615 1501 660 1547 irat

75 1564 134 1628 Ipse
145 1563 225 1612 Deam
236 1564 349 1626 antiquam
359 1565 451 1627 genitor
462 1563 580 1627 Calydona
590 1563 689 1622 Dianse;

77 1630 151 1687 Quod
161 1628 235 1676 scelus
245 1637 284 1677 ant
292 1628 401 1692 lapithas
411 1637 507 1687 mutum,
518 1639 558 1678 aut
568 1628 688 1691 Calydona
697 1645 745 1679 ωο·

78 1740 81 1748 ,
176 1694 281 1741 rentem?

76 1760 125 1810 Ast
135 1775 181 1822 ego
192 1774 275 1822 magua
284 1759 351 1808 Jovis
361 1761 445 1824 conjux
456 1761 489 1807 nil
498 1760 713 1821 linquereinautum

76 1826 140 1881 Quae
152 1825 215 1886 potui
226 1824 313 1884 infelix,
323 1840 375 1887 quae
385 1834 470 1873 memet
481 1826 504 1872 iu
518 1824 594 1872 omnia
603 1826 667 1879 verti,
697 1828 747 1873 309

75 1890 169 1949 Vinoor
179 1890 207 1937 ab
213 1888 297 1938 AEnei.
328 1890 398 1945 Quod
410 1892 427 1937 si
440 1905 491 1937 mea
502 1891 594 1936 numina
604 1904 649 1936 non
661 1897 715 1938 sunt

75 1956 243 2019 Magoasatis,
254 1955 353 2003 dubitem
368 1956 427 2002 haud
442 1954 545 2017 equidem
556 1954 675 2017 implorare
685 1955 745 2018 quod

174 2035 268 2082 usquam
279 2028 321 2068 est.

64 2086 183 2135 ,Flectere
194 2086 213 2132 si
223 2101 311 2147 nequeo
323 2086 428 2148 Superos,
440 2085 573 2133 Acheronta
582 2087 685 2136 monebo.

75 2151 133 2201 Non
145 2151 234 2198 dabitur
244 2152 327 2214 regnis,
339 2158 395 2206 esto,
406 2151 524 2213 prohibere
535 2149 629 2208 Latinis,

74 2219 160 2279 Atque,
165 2217 259 2263 immota
269 2223 345 2263 manet
354 2216 407 2263 iotis
417 2215 515 2264 Lavinia
525 2217 621 2279 conjux:

75 2284 111 2330 At
120 2281 220 2338 trabere,
232 2288 300 2343 atque
309 2297 384 2329 moras
395 2282 465 2329 tantis
474 2282 528 2330 licet
537 2282 619 2330 addere
629 2284 710 2342 rebus3

74 2347 110 2396 At
120 2347 175 2393 licet
185 2346 302 2394 amborum
313 2346 408 2410 populos
418 2348 550 2395 exscindere
561 2362 648 2410 regum.

77 2409 136 2459 Han
142 2426 215 2473 gener
225 2418 293 2473 atque
305 2426 369 2459 socer
378 2413 461 2460 noiant
470 2412 574 2460 meroede
584 2427 685 2459 suorum.

75 2475 193 2538 Sanguine
203 2475 304 2540 Trojano
314 2485 338 2524 et
345 2476 433 2524 Rutulo
443 2478 555 2531 donabere,
566 2476 632 2538 virgo
638 2494 645 2533 ;

74 2541 109 2590 Et
120 2540 218 2595 Bellom
227 2551 306 2589 manet
316 2549 339 2590 te
349 2544 456 2605 pronuba
492 2541 544 2588 Nee
554 2539 605 2587 iace
614 2546 702 2586 tantum

75 2605 164 2659 Cisseis
173 2622 295 2669 praegnans
305 2608 372 2670 ignes
382 2605 563 2668 enixajugales3
692 2607 743 2652 320

74 2671 210 2732 Quinidetn
221 2671 307 2720 Veneri
317 2680 395 2735 partus
405 2687 466 2725 suus,
477 2680 502 2717 et
513 2667 577 2715 Paris
588 2667 651 2720 alter,

54 2736 231 2807 „Funestseque
239 2738 321 2806 itemrq
332 2737 432 2789 recidiva
440 2736 465 2782 in
476 2734 590 2796 Pergtma
600 2732 674 2780 tede.
