1709 2925
145 115 195 162 196
292 111 295 116 ’
341 105 508 160 AErtmnos
524 103 623 156 nav,

144 238 209 289 Cum
221 236 274 285 Dec
284 251 309 285 te
319 238 408 300 peribus
418 253 459 299 per
469 238 552 284 coelum
564 238 655 285 tumuit
665 238 724 296 aliu,
771 237 779 246 “
823 244 828 248 ’

148 302 314 367 lugentemque
323 301 379 364 fugit
387 303 462 349 necuit
470 303 512 349 sub
523 304 618 350 nubibus
627 318 722 352 mcum.

148 367 209 416 Tum
220 383 274 414 vero
285 367 388 413 attonitae
397 368 512 419 monstris,
522 375 623 427 cctaeque
632 367 726 427 fluore,
784 371 833 419 ⁶⁵9

150 431 305 487 Conclamant,
314 431 448 492 rapiuntque
458 431 514 478 focis
524 432 676 492 penetralibus
687 434 796 494 ignem

149 495 207 544 Pars
218 497 314 558 spoliant
324 510 380 550 erac,
391 494 495 542 frondem
505 510 531 542 ac
542 497 642 557 virgulta
652 496 772 560 (mue

149 559 287 623 conjiciunt.
314 559 380 607 Furit
390 560 497 607 immissis
509 559 627 607 Vulcanus
637 562 738 610 habenis

148 624 258 672 Transtra
268 641 308 687 per
318 633 342 672 et
352 639 426 672 remos
436 633 461 671 et
470 625 541 685 pictas
552 626 625 672 abiete
634 642 734 688 puppes.

150 688 252 738 Nuntius
264 690 371 737 Anchiale
382 689 409 736 nd
421 689 532 735 tumulum
544 705 674 751 cuneosque
684 691 776 740 theatri

147 753 258 810 ¹Incensos
268 754 352 817 perfert
362 769 432 801 naves
443 753 554 800 Eumelus
560 769 569 811 3
584 763 609 801 et
619 757 663 815 ipsi

149 819 286 883 Rerpiciunt
295 829 365 872 atram
377 819 400 865 in
412 818 487 865 nimbo
499 819 592 866 volitare
603 819 711 867 favillam.

150 885 241 933 Primus
252 895 276 932 et
287 885 406 941 Asconius,
418 898 497 930 cursus
507 891 533 930 ut
543 884 610 931 laetus
620 894 738 945 equestres

149 949 262 1003 Ducebat,
274 951 306 996 sic
317 964 367 996 acer
378 964 436 1009 equo
447 949 534 995 turbata
544 949 623 1009 petivit

151 1014 244 1071 Canum
256 1029 297 1060 nec
306 1014 420 1061 exanimes
426 1020 521 1075 possm
529 1014 626 1061 retinere
634 1016 746 1076 magistri.
772 1018 824 1062 669

151 1079 210 1134 Quis
219 1079 282 1125 furor
291 1079 334 1125 iste
345 1078 436 1125 novus?
447 1094 492 1138 quo
500 1093 568 1132 nunc,
575 1094 621 1140 quo
629 1080 730 1134 tenditis,
737 1080 824 1140 inquit,

150 1143 207 1191 Heu
217 1145 306 1191 miserae
317 1142 395 1190 cives?
412 1159 458 1189 non
469 1144 564 1197 bostem,
576 1144 711 1205 inimicaque
719 1153 800 1192 cestra

149 1208 280 1270 Argivdm3
298 1216 384 1255 vestras
395 1223 448 1269 spes
459 1209 530 1255 uritis.
556 1208 606 1268 En,
617 1224 663 1270 ego
674 1218 750 1258 vester

151 1274 271 1321 Asconius.
301 1274 395 1321 Galeam
406 1282 460 1319 ante
470 1274 538 1334 pedes
548 1274 643 1334 projecit
654 1275 754 1330 inanem,

151 1337 206 1393 Qui
215 1338 268 1385 ludo
279 1339 370 1385 indutus
380 1338 433 1385 belli
444 1339 563 1385 simulacra
574 1339 653 1388 ciebat.

150 1403 271 1449 Accelerat
281 1403 348 1449 simul
359 1402 452 1458 AEneas,
463 1403 531 1449 simul
541 1403 632 1466 agmina
642 1402 766 1452 Teucrdm.

149 1469 251 1516 Astiliae
262 1470 350 1516 diversa
360 1476 422 1515 metu
433 1484 473 1530 per
482 1469 548 1516 litora
557 1470 641 1531 partlm

150 1532 283 1595 Diffugiunt
289 1551 297 1592 ς
315 1534 434 1594 silvasque,
446 1542 470 1580 et
480 1535 549 1581 sicubi
560 1548 661 1582 concava
670 1534 750 1582 furtim

151 1598 218 1652 Saxa,
229 1605 315 1660 petunt.
344 1597 413 1660 Piget
423 1599 513 1661 incepti.
524 1599 626 1661 lucisque
632 1619 639 1659 3
658 1615 758 1661 suosque

150 1662 250 1711 Mutatae
261 1671 393 1726 agnoscunt,
405 1678 543 1724 excussoque
553 1672 644 1725 pectore
654 1664 717 1712 lunc
728 1672 771 1712 est.

152 1728 199 1776 Sed
210 1744 255 1775 non
267 1728 459 1775 idcirco-demmae
470 1735 537 1789 utque
548 1729 651 1776 incendia
661 1731 723 1777 vires
771 1729 820 1776 680

152 1792 277 1842 Indomitas
287 1791 395 1855 posudret
415 1794 460 1840 udo
470 1794 513 1839 sub
523 1795 603 1840 robore
613 1795 671 1840 vivit

152 1860 239 1922 Stuppn
249 1874 343 1908 vomens
353 1859 441 1907 tardum
451 1856 546 1913 furnum.
558 1859 678 1920 lentusque
688 1860 777 1908 mmm

151 1923 198 1973 Est
208 1941 284 1986 vapor,
294 1933 320 1971 et
330 1932 378 1971 toto
390 1923 505 1970 descendit
516 1939 609 1984 corpore
621 1925 691 1984 pestis
697 1941 706 1982 ;

151 1988 204 2035 Nec
215 1992 276 2037 vires
286 1990 379 2036 heroum
391 1989 508 2048 infusaque
518 1986 613 2034 flumina
623 1996 726 2049 prosunt.

151 2052 213 2100 Tum
224 2055 274 2113 pius
284 2053 372 2101 AEneas
383 2053 481 2099 humeris
492 2053 622 2099 abscindere
632 2061 728 2109 vestem,

151 2117 289 2177 Auxilioque
299 2134 381 2166 nocere
392 2117 467 2175 Deos,
479 2125 502 2163 et
513 2119 605 2164 tendere
614 2118 714 2179 palmas:

149 2180 241 2241 Jupiter
251 2183 399 2243 omnipotens,
413 2184 431 2229 si
443 2182 542 2229 nondum
554 2196 637 2229 exosus
647 2183 677 2228 ad
687 2197 758 2230 unum

150 2243 269 2306 Trojanos,
281 2246 300 2291 si
310 2246 363 2306 quid
373 2247 445 2308 pietas
456 2248 546 2307 antiqua
556 2247 644 2293 labores

151 2309 255 2371 Respicit
265 2310 381 2364 humanos,
392 2311 421 2356 da
432 2310 544 2357 flammam
555 2312 651 2358 eradere
663 2313 730 2373 classi

151 2374 230 2431 Nunc,
242 2373 317 2427 Pater,
327 2384 352 2423 et
362 2383 442 2421 tenues
453 2375 566 2422 Teucrdm
579 2391 614 2421 res
625 2377 687 2437 eripe
698 2377 751 2424 leto.
770 2378 815 2426 690

151 2439 197 2486 Vel
209 2447 239 2495 tu,
251 2439 311 2499 quod
322 2447 427 2499 superest,
440 2440 522 2486 infesto
532 2439 626 2487 fulmine
636 2443 713 2496 morti,

151 2505 177 2551 si
188 2519 283 2560 mereor,
294 2503 393 2557 demitte,
405 2501 488 2564 tumne
498 2505 534 2549 hic
545 2506 613 2550 obrue
624 2503 713 2552 dextri.

151 2566 200 2614 Vix
210 2569 260 2616 htec
271 2567 376 2624 ediderat,
387 2582 440 2615 cum
451 2566 528 2617 effusis
539 2569 645 2618 imbribus
655 2577 706 2620 atra
