1709 2925
236 127 401 183 manthos
416 131 471 182 Lm.
482 132 508 184 I:
661 145 712 193 111·

24 249 105 315 Tune
115 253 154 300 ille
164 251 262 308 AEneas,
272 269 340 317 quern
352 253 470 306 Dardanio
480 258 590 311 Anchisae

36 318 108 365 ,ilua
117 316 200 365 Venus
212 316 247 367 Ph
276 320 309 382 gii
320 322 401 385 genuit
412 323 534 373 Simoentis
544 329 573 375 ad
584 330 685 380 undam?

36 382 116 444 Atque
125 384 232 444 equidem
265 400 356 432 eucrum
367 389 460 434 memini
471 389 555 440 Sidona
565 397 649 453 venire,

36 445 132 495 Yrmhm
141 448 263 510 expulsum
273 451 356 512 patriis,
368 467 427 500 nova
438 469 508 517 regna
517 466 631 519 petentem
658 467 710 512 620

37 511 132 565 Auxilio
143 511 208 560 Belia
227 515 318 576 genitor
327 522 376 562 tum
387 515 459 565 Belus
469 521 567 582 opimam

37 575 150 627 Vastabat
162 575 271 641 Cyprum,
282 586 305 625 et
315 580 388 627 victor
398 582 484 631 ditione
494 588 590 637 tenebat

36 640 208 704 Temporejam
218 643 296 690 exilio
307 659 372 692 casus
383 647 438 694 mihi
449 651 554 711 cognitus
564 654 625 702 urbis
671 702 675 709 ,
705 696 711 713 ,

37 704 151 769 Trojanae,
164 723 292 768 nomenque
302 716 372 765 tuum,
385 727 496 774 regesque
507 714 606 779 Pelasgi.

36 769 93 833 lpse
102 772 174 819 hostis
184 771 287 827 Teucros
295 775 380 837 insigni
389 776 456 824 laude
466 774 559 836 ferebat*

36 836 114 897 Seque
123 844 198 883 ortum
209 837 301 899 antiqui
311 836 452 889 Teucrorum
463 843 491 891 ab
500 844 573 908 stirpe
581 847 680 900 volebat.

36 900 117 955 Quare
126 903 195 965 agite,
206 919 220 948 o
231 905 302 958 tectis,
309 905 413 966 juvenes,
425 910 538 957 succedite
548 913 639 963 nusum.
707 936 710 939 “

36 964 81 1012 Me
91 982 181 1028 quoque
190 982 232 1029 per
241 969 325 1016 multos
335 971 413 1019 similis
424 972 516 1022 fortuna
525 976 612 1025 labores

35 1029 149 1093 Jsctstam
160 1033 202 1079 hac
213 1031 303 1080 demum
314 1035 387 1082 voluit
398 1039 521 1087 consistere
531 1041 598 1091 terri·

38 1095 94 1144 Non
104 1098 184 1160 ignara
194 1098 255 1155 mali,
267 1099 355 1147 miseris
363 1116 497 1151 succurrere
506 1106 576 1156 disco.
656 1115 707 1161 630

38 1161 76 1209 Sic
86 1170 210 1209 memorat:
231 1164 297 1210 sinml
307 1163 399 1214 AEueau
410 1169 434 1214 iu
445 1171 513 1231 regia
518 1171 581 1230 ducit

36 1224 123 1286 Tecta;
140 1227 210 1275 simul
219 1228 296 1295 divdm
306 1230 396 1292 templis
407 1233 486 1281 indicit
496 1235 613 1286 honorem:

37 1289 88 1340 Nec
98 1294 174 1353 minus
184 1293 269 1343 interea
280 1295 347 1345 sociis
358 1296 386 1342 ad
396 1296 463 1345 litora
473 1300 544 1347 mittit

37 1355 127 1420 Viginti
134 1366 218 1414 tauros,
229 1373 365 1420 magnorum
376 1361 489 1410 horrentia
500 1372 591 1427 centum

36 1415 113 1486 Terga
122 1438 196 1478 suum,
207 1424 304 1487 pingues
315 1431 406 1476 omino
417 1441 470 1476 cum
480 1432 588 1481 matribus
599 1447 678 1498 agnos,

38 1486 135 1536 Munera
143 1488 291 1549 letitiamque
301 1490 340 1538 dii

66 1553 100 1600 At
110 1553 192 1600 domus
202 1553 295 1601 interior
305 1555 377 1617 regali
387 1557 503 1619 splendida
512 1560 568 1609 luxu

36 1613 164 1673 instruitur,
175 1618 298 1680 mediisque
308 1628 389 1682 parant
398 1625 503 1672 convivia
512 1628 586 1675 tectis.

38 1681 209 1730 Artelahoratae
219 1691 301 1740 vestes,
312 1694 420 1747 ostroque
429 1690 541 1750 superbo;
704 1725 706 1740 ,

38 1743 119 1808 Ingens
129 1755 250 1810 argentum
261 1752 353 1805 mensio,
367 1752 490 1815 caelataque
500 1755 524 1801 in
535 1770 590 1804 auro
655 1760 706 1811 640

37 1808 111 1859 Fortia
120 1812 183 1860 fecta
192 1820 290 1875 patrum,
301 1816 371 1863 series
381 1819 514 1881 longissima
524 1835 606 1878 rerum,

39 1873 80 1923 Per
89 1885 123 1925 tot
132 1879 203 1925 ducta
212 1879 274 1927 viros
284 1881 376 1943 antiqui
385 1884 413 1930 ab
423 1884 512 1945 origine
521 1887 605 1945 gentis.

65 1942 151 1992 AEneas
162 1945 248 2007 (neque
259 1946 319 1993 enim
330 1948 415 2008 patrius
424 1949 549 1995 consistere
559 1956 658 2010 mentem

38 2002 118 2055 Passus
129 2007 205 2070 amor)
217 2009 318 2071 rapidum
329 2012 358 2059 ad
369 2028 439 2061 naves
449 2013 568 2075 premittit
578 2014 690 2079 Achaten,

38 2070 133 2120 Arcamo
142 2073 202 2121 ierat
210 2075 268 2131 haec,
280 2076 397 2137 ipsumque
407 2078 435 2125 sd
443 2079 529 2126 moeuia
539 2080 613 2130 ducat.

39 2133 114 2185 Omnis
124 2140 148 2185 in
160 2138 262 2188 Ascanio
273 2140 318 2192 cari
328 2148 373 2188 stat
383 2158 437 2190 curs
446 2144 554 2206 parentis.
616 2153 620 2159 '

39 2197 132 2250 Munera
141 2210 260 2266 preterea,
272 2202 350 2252 Iliacis
359 2214 436 2270 erepta
446 2209 523 2266 ruinis,

40 2261 103 2314 Ferre
108 2269 190 2330 juhet3
206 2269 289 2331 pallum
300 2270 372 2331 signis
381 2287 480 2334 auroque
487 2276 612 2337 rigentem,
668 2319 671 2320 γ

39 2325 69 2377 lit
77 2332 250 2393 circumtextum
261 2349 342 2384 croceo
353 2337 455 2396 velamen
465 2343 568 2397 acantho,

39 2393 134 2452 Onustus
143 2399 242 2460 Argivae
253 2397 366 2458 Helenae3
383 2416 440 2462 quos
449 2403 488 2450 ills
498 2405 613 2466 Mycenis,
652 2410 702 2468 650

40 2456 145 2524 Pergama
155 2471 306 2523 competeret
315 2465 504 2529 inconcessosque
516 2468 668 2530 Hymenaeus,
702 2513 706 2520 .

40 2519 161 2584 Esurierat,
172 2529 252 2586 matris
263 2526 335 2575 Ledae
344 2530 445 2578 mirabile
455 2533 547 2580 donum

41 2584 148 2639 Praeterea
159 2599 280 2654 sceptrum,
293 2590 367 2650 Ilione
377 2595 438 2654 quod
448 2603 550 2657 gesserat
560 2597 622 2654 olim,

42 2650 138 2714 Munna
145 2663 255 2717 ostenso
265 2656 360 2732 Prieni,
369 2658 476 2733 esusque
486 2659 572 2716 monile.
