1709 2925
323 115 614 172 AEnnmosm11.-
749 126 796 187 m

115 240 179 293 Jam
188 244 288 309 gravior,
296 241 374 292 Pelias
384 253 408 292 et
415 247 510 294 vulnere
518 248 595 295 tardus
607 246 720 312 Ulyssei5

119 308 235 358 Protinus
245 311 275 358 ad
286 310 350 356 sedes
361 308 446 357 Priami
457 311 554 359 clamore
563 315 646 362 vocati.

158 374 206 422 Hic
216 390 273 422 vero
283 375 399 437 ingentem
409 389 516 438 pugnam,
528 392 569 424 ceu
580 386 663 427 caetera
673 396 783 446 nusquam

116 437 188 488 'Belle
198 440 282 494 forent,
294 439 349 486 nulli
360 438 408 486 toti
418 448 558 489 morerentur
568 443 591 489 in
602 445 671 504 urbe;

124 504 162 552 Sic
173 505 277 552 Martem
288 504 429 558 indomitum,
441 503 579 567 Danaosque
590 509 618 555 ad
629 517 689 560 tecta
698 520 790 562 mentes

124 566 252 624 Cernimus,
264 569 425 629 obsessumque
435 568 485 616 acti
495 571 608 619 testudine
617 573 693 624 limen.
740 583 789 627 441

121 632 221 681 Haerent
231 634 353 696 parietibus
363 633 438 691 scalae,
449 642 569 697 postesque
580 638 621 683 sub
630 639 692 700 ipsos

119 697 234 747 Nrtuntur
243 698 357 760 gradibus,
368 699 505 760 clypeosque
512 701 542 747 ad
551 700 596 748 tela
606 703 701 753 sinistris

120 763 222 812 Pr0tecti
233 765 354 826 objiciunt:
373 772 481 825 prensant
490 763 581 827 fastigia
591 766 683 816 dextris.

117 828 259 878 Dardanidae
270 835 350 874 contra
359 834 433 875 turres
444 843 471 876 ac
481 836 542 876 tecta
551 831 668 880 domorum

118 892 226 942 Culmiua
237 893 381 941 convellunt:
401 894 436 939 his
447 909 478 948 se,
494 896 584 955 quando
594 896 672 945 ultima
683 908 787 961 cernunt,

115 956 231 1009 Extremi
236 959 287 1021 jam
298 957 321 1004 in
332 965 406 1005 morte
415 966 495 1020 parant
506 959 626 1009 defendere
635 963 701 1022 telis;

115 1024 261 1084 duratusque
272 1023 352 1078 trabes,
364 1030 466 1070 veterum
477 1024 558 1072 decora
568 1027 613 1073 alta
622 1029 750 1090 parentum,

113 1087 268 1144 Devolvunt3
285 1087 323 1135 alii
334 1088 418 1134 strictis
427 1090 573 1137 mucronibus
584 1092 642 1140 imas

113 1153 231 1202 Obsedire
241 1152 318 1200 fores:
336 1153 377 1199 bas
388 1161 479 1200 serrant
489 1155 579 1216 agmine
590 1157 668 1207 denso.
732 1164 782 1211 450

111 1216 238 1267 Instaurati
248 1217 325 1271 animi,
337 1217 398 1279 regis
408 1233 538 1266 succurrere
548 1222 620 1277 tectis,

111 1284 255 1344 Auxilioque
265 1283 341 1329 levare
350 1283 420 1340 viros,
427 1283 520 1344 vimque
530 1285 610 1333 addere
620 1288 695 1336 victis.

141 1348 228 1396 Limen
239 1353 295 1400 erat,
306 1361 417 1408 caecaeque
426 1347 493 1402 fores,
505 1356 528 1396 et
538 1352 628 1412 pervius
638 1369 693 1402 usus

108 1412 236 1462 Tectorum
247 1413 307 1459 iuter
317 1426 342 1459 se
353 1411 444 1468 Priami,
454 1421 574 1477 postesque
583 1417 655 1466 relicti

109 1482 133 1529 A
144 1487 212 1542 tergo
218 1496 227 1537 ;
244 1477 324 1524 infelix
331 1475 375 1538 qui
386 1493 417 1535 se,
428 1479 481 1526 dum
493 1495 563 1542 regna
570 1486 697 1541 manebant,

110 1546 201 1607 Saepius
212 1543 373 1590 Andromache
382 1542 442 1590 ferre
452 1545 582 1594 incomitata
592 1549 679 1596 solebat

108 1611 147 1659 Aa
157 1624 257 1663 soceros,
269 1614 293 1654 et
303 1622 346 1655 avo
356 1624 450 1670 puerum
458 1609 599 1671 Astyanacta
608 1614 717 1662 trahebat.

106 1674 189 1724 Evado
200 1674 229 1721 ad
240 1673 322 1721 summi
333 1672 423 1736 lastigie
432 1675 552 1732 culminis;
569 1677 630 1725 unde

106 1739 164 1788 Tela
174 1754 246 1786 manu
256 1738 331 1784 miseri
337 1739 453 1800 jactabant
463 1741 527 1786 irrita
536 1739 628 1788 Teucri.
725 1745 775 1793 459

105 1804 207 1859 Turrim,
218 1804 242 1849 in
253 1802 363 1865 praecipiti
370 1810 477 1861 stantem,
488 1806 626 1865 summisque
637 1807 678 1853 sub
688 1812 749 1856 astra

105 1868 220 1919 Eductam
231 1869 304 1923 tectis,
316 1868 375 1915 uude
385 1870 459 1915 omnis
469 1866 541 1930 Troja
551 1870 628 1924 videri,

103 1934 138 1987 Et
149 1933 259 1981 Danaum
271 1932 344 1980 auitae
355 1948 432 1988 naves,
442 1942 471 1979 eu
478 1933 567 1980 AcbaIa
577 1941 656 1991 castra,

102 1999 217 2063 Aggressi
226 1997 288 2045 ferro
298 1998 390 2054 circum,
400 1997 446 2060 qui
456 2012 544 2046 summa
553 1999 653 2049 labantes

101 2065 226 2116 Junctur'as
237 2062 336 2110 tabulata
346 2063 434 2117 dabant,
445 2063 592 2112 convellimus
602 2066 653 2114 altis

101 2130 203 2183 Sedibus,
214 2128 396 2190 impulimusque.
426 2128 464 2177 Ea
473 2129 541 2190 lapsa,
553 2139 644 2194 repente
654 2133 743 2182 ruinam

102 2193 163 2245 Cum
175 2194 251 2242 souitu
262 2194 338 2249 trabit,
349 2200 372 2240 et
383 2192 490 2241 Danaum
502 2209 569 2257 super
579 2198 670 2259 agmina
679 2198 726 2246 late
788 2213 794 2219 ·

101 2256 192 2307 Incidit.
225 2257 271 2305 Ast
281 2257 439 2316 aliisubeunt:
458 2275 501 2307 nec
512 2274 572 2317 saxu
584 2276 627 2310 nec
636 2263 708 2310 ullum

101 2322 211 2371 Telorum
222 2323 309 2370 interea
319 2331 392 2371 cessat
401 2339 483 2386 genus.
722 2342 725 2346 ·

100 2386 245 2437 Vestibulum
257 2398 310 2435 aute
319 2388 393 2450 ipsum
403 2391 521 2451 primoque
530 2390 555 2437 in
565 2391 643 2438 limine
654 2390 757 2451 Pyrrhus
773 2353 776 2358 ⁴

100 2450 215 2508 Exsultat,
227 2453 278 2499 telis
288 2460 312 2500 et
321 2453 373 2501 luce
383 2453 570 2502 coruscusaeni:
716 2456 767 2500 470

101 2518 188 2573 Qualis,
199 2517 238 2565 ubi
249 2518 273 2564 in
283 2517 357 2565 lucem
369 2518 467 2573 coluber,
478 2518 539 2565 mala
549 2517 652 2579 gramina
660 2524 745 2577 pastus,

100 2582 194 2646 Frigida
205 2583 247 2630 sub
258 2580 317 2629 terri
328 2584 439 2629 tumidum
450 2597 517 2644 quem
528 2581 608 2626 bruma
618 2581 723 2640 tegebat3

100 2647 175 2706 Noae,
186 2647 267 2714 positis
277 2662 350 2699 uerus
361 2648 450 2712 muria
459 2642 696 2704 oiu'duaquejuventi»
