1709 2925
250 82 417 136 AEunmos
433 82 518 135 lirul.
672 96 717 141 tot

50 217 104 267 Nec
113 219 191 282 procui
203 219 255 264 binc
267 217 340 264 naen
351 218 422 265 niveis
434 218 530 266 tentaris
540 219 597 267 veiis
672 224 721 271 469

54 284 165 347 Agnoscit
175 284 318 344 iacrymaus;
333 285 407 345 primo
417 298 470 344 quea
479 285 567 347 prodita
577 301 658 333 somno

54 348 151 410 Tydides
161 349 234 395 multd
245 349 420 395 vastabatcarde
432 360 553 407 eruentus;
743 342 749 353 ⁸

54 415 209 476 Ardentesque
219 415 301 461 avertit
308 428 379 475 equos
390 414 412 460 in
423 422 503 470 eastra,
513 417 576 477 prius
586 431 655 477 quarn

56 479 138 527 Pabula
148 478 279 541 gustissent
288 478 373 541 Trujae,
386 478 549 541 Xanthumque
558 482 673 531 bibissent.

57 544 122 592 Parte
132 544 174 591 sliri
184 544 276 607 fugiens
287 545 376 591 amissis
385 540 478 591 Troilus
489 547 564 601 armis,

61 608 140 657 lnielix
149 625 214 672 puer,
226 617 293 669 etque
304 610 375 671 impar
386 624 521 671 congressus
533 612 624 667 Achilli,

58 674 136 722 Fertur
146 676 215 736 equis,
226 675 339 734 cumdque
349 675 421 720 breset
432 676 549 736 resupinus
559 678 629 731 inani,

59 738 117 788 Iura
130 747 208 787 tenens
225 747 314 787 tumen:
334 739 386 786 huic
402 740 525 800 cervixque
541 756 658 804 comaeque
673 750 719 795 trs·

150 808 234 853 huntur

61 869 103 917 Per
112 879 198 926 terram,
210 878 235 918 et
245 867 311 917 versi
320 868 394 931 pulsis
404 869 533 917 inscribitur
543 870 614 919 hasti.

62 934 144 983 Interes
153 938 181 983 nd
191 935 301 998 templum
313 949 359 981 non
371 950 443 996 oequae
456 934 553 982 Palladis
564 936 626 984 ibant

63 998 160 1049 Crinibus
170 1000 253 1048 iliades
263 1000 342 1063 passis,
353 1001 488 1063 peplumque
495 1000 596 1051 ferebant
672 1004 721 1050 480

62 1066 187 1129 Suppliciter
196 1068 280 1121 tristes,
291 1073 315 1111 et
325 1074 399 1113 tunsae
409 1075 502 1127 pectora
511 1067 606 1128 palmis:

62 1130 119 1179 Dira
127 1133 174 1181 solu
184 1131 243 1179 fixos
254 1131 332 1179 oeulos
343 1146 421 1177 aversa
432 1133 527 1178 tenebat

63 1194 104 1242 Ter
113 1200 194 1244 circum
207 1196 289 1244 libros
299 1202 426 1258 reptaverat
438 1195 540 1243 Hectora
550 1213 634 1253 muros,

64 1258 236 1325 Exanimrsrnque
247 1277 302 1309 suro
313 1276 395 1323 corpus
405 1262 516 1308 vendebat
527 1263 636 1310 Achilles.

64 1324 117 1375 Tum
128 1345 180 1376 vero
190 1331 307 1391 ingentem
319 1327 429 1389 gemitum
441 1327 479 1373 dat
490 1336 580 1389 pectene
591 1328 618 1375 ab
628 1329 682 1383 iuro,

64 1389 95 1438 Ut
104 1394 175 1456 spolia,
187 1402 213 1440 ut
225 1408 310 1446 currus,
322 1401 391 1454 utque
401 1393 473 1454 ipsum
483 1409 564 1456 corpus
574 1396 646 1450 amici,

63 1455 239 1521 Tendentemque
249 1473 331 1505 manus
342 1457 457 1505 Prisrnum
470 1461 587 1522 conspexit
597 1462 702 1509 inermes.

64 1523 91 1570 Se
99 1541 183 1587 quoque
194 1525 332 1588 principibus
341 1524 477 1586 permixtum
488 1528 583 1587 agnovit
593 1528 695 1583 Achivis,

64 1588 159 1653 &aspre
169 1594 236 1644 acies,
248 1597 272 1637 et
282 1590 342 1651 nigri
354 1589 486 1636 Memnonis
497 1606 565 1637 erma.

64 1653 128 1703 Ducit
137 1656 306 1704 Amazonidum
317 1656 400 1702 lunatis
411 1656 503 1718 agmins
513 1656 579 1718 peitis
674 1660 726 1706 490

64 1717 196 1771 Penthesilea
205 1720 290 1776 furens,
301 1721 425 1781 mediisque
435 1722 460 1767 in
470 1721 567 1767 millibus
577 1721 647 1777 ardet,

63 1784 132 1834 Auses
142 1789 276 1835 subnectens
287 1793 383 1833 exsertae
394 1786 487 1848 cingula
497 1801 610 1841 memmae,

64 1847 170 1908 Bellatrix,
181 1852 294 1913 audetque
304 1852 359 1898 ¹risis
370 1865 505 1897 concurrere
514 1851 589 1911 virgo.

92 1915 147 1964 Haec
158 1918 211 1965 dum
224 1916 344 1964 Dardanio
355 1916 438 1963 AEneae
448 1914 551 1961 miranda
561 1915 678 1976 ridentus;

64 1979 120 2028 Dum
132 1991 212 2051 stupet,
224 1984 348 2043 obtutuque
357 1983 430 2028 iraeret
441 1979 528 2027 defixus
539 1980 562 2027 in
573 1996 619 2028 uno
625 1998 634 2038 ;

64 2043 146 2110 Regina
155 2049 184 2095 nd
195 2047 312 2110 templum.
322 2046 397 2094 sormi
406 2046 562 2109 pulcherrima,
576 2045 639 2095 Dido

67 2108 160 2168 Incessit,
171 2113 374 2176 magnrijuvenum
387 2114 484 2175 stipante
495 2111 591 2160 catervi.

65 2175 137 2230 Qualis
146 2180 168 2226 iu
181 2179 278 2226 Eurctae
288 2178 349 2240 ripis,
360 2184 400 2225 aut
410 2193 451 2241 per
457 2179 515 2240 juga
527 2175 621 2240 Cynthi,

65 2239 155 2291 Exercet
165 2243 245 2292 Diana
255 2245 353 2300 cbmos3
370 2259 438 2305 quam
450 2243 511 2290 mille
522 2253 606 2292 secutae

66 2304 121 2354 Hinc
136 2318 203 2371 atque
219 2311 274 2357 bine
289 2309 446 2371 glomerantur
456 2308 574 2369 Oreades;
591 2310 629 2358 iiia
644 2311 724 2372 phare·

150 2383 208 2422 tram
679 2378 728 2420 500

66 2432 114 2485 Fert
122 2441 222 2494 humero,
234 2439 384 2502 gradiensque
396 2439 462 2487 Dens
470 2442 622 2503 supereminet
632 2452 726 2495 emnes3

67 2498 152 2552 latonae
162 2507 257 2552 taciturn
268 2513 397 2567 pertentant
406 2506 490 2568 gaudia
501 2514 595 2568 pectus:

67 2563 120 2615 ‘iniis
130 2578 176 2618 eret
187 2570 259 2624 Dido,
271 2571 338 2616 talem
351 2586 376 2618 se
385 2572 442 2617 taese
451 2571 536 2620 serebat

69 2629 106 2680 Per
116 2636 208 2694 medios,
219 2636 307 2683 insane
318 2638 380 2698 operi
391 2635 515 2695 regnisque
524 2626 614 2675 suturis.
