1709 2925
246 186 411 239 AENEmos
427 186 483 238 er'.
490 185 534 237 X..
670 195 719 243 817
728 207 731 211 ·

40 322 92 372 Sed
102 321 214 383 linquam.
248 319 323 368 Simul
331 321 376 368 boc
386 319 464 368 fflcena
474 321 556 370 attollit
564 319 590 369 in
600 338 690 387 aegrum

43 390 78 436 Se
87 387 182 443 semur;
199 392 224 433 et
234 401 368 447 quamquam
377 387 411 433 vis
422 387 469 434 alto
480 388 573 434 rrdnere
583 389 662 445 tardat,

43 453 121 501 Haud
132 453 241 515 dejectus,
252 467 334 512 equum
346 451 397 498 duci
404 453 476 514 jubet.
510 453 566 500 Hoc
576 454 644 502 decus
655 455 695 509 illi,

45 517 104 566 Hoc
117 518 219 564 solamen
231 523 279 564 erat
286 535 293 576 ;
309 517 374 564 bellis
384 518 428 563 hoc
439 518 512 565 victor
523 519 595 566 abibat
671 523 732 569 859.

45 584 171 631 Omnibus.
204 582 335 643 Alloquitur
345 591 486 638 moerentem,
498 590 522 630 et
531 584 612 632 talibus
622 585 686 633 iniit:
728 623 732 629 .

45 647 148 702 Rboebe,
161 647 199 693 diu
211 648 259 711 (res
270 648 289 693 si
300 648 392 709 quadiu
402 649 534 695 mortalibus
545 648 591 696 ulla
600 650 647 711 est)
725 654 728 684 ἴ

46 714 167 760 Viximus.
200 712 250 760 Aut
260 713 326 759 hodie
336 714 409 760 victor
420 713 490 776 spolia
500 714 539 760 illa
549 722 642 762 cruenta

45 779 80 828 Et
92 785 164 841 caput
175 778 259 824 AEneae
270 777 358 833 referes,
371 777 488 839 Lausique
499 779 601 826 dolorum

46 844 123 892 Ultor
133 844 180 890 eris
190 859 296 901 mecum;
313 852 357 898 aut,
371 845 442 905 aperit
453 844 471 890 si
483 844 544 891 nulla
554 845 614 891 viam
625 846 667 899 ris,

46 910 183 958 Occurnbes
191 909 281 970 pariter.
312 909 393 971 Neque
403 910 471 966 enim,
482 909 611 964 fortissime,
624 911 698 967 credo,

47 974 123 1024 Jussn
133 973 208 1021 aliena
217 975 263 1035 pati
274 981 298 1020 et
309 975 412 1038 dominos
423 975 546 1036 dignabere
556 974 665 1024 Teucros.
726 991 729 1007 ²

47 1039 128 1094 Dixit,
140 1047 165 1087 et
175 1047 282 1101 exceptus
289 1047 357 1102 tergo
369 1048 478 1088 consueta
487 1041 570 1088 locavit

48 1103 168 1159 Membra,
180 1119 304 1166 manusque
313 1107 389 1152 ambas
395 1105 478 1168 jaculis
488 1108 590 1154 oneravit
601 1108 672 1154 acutis
682 1124 690 1165 ;

49 1170 112 1226 AEre
123 1176 193 1232 caput
202 1169 299 1232 fulgens,
309 1169 421 1232 cristaque
432 1172 531 1218 hirsutus
542 1172 636 1232 equina:
696 1210 697 1213 ,

51 1236 92 1283 Sic
103 1250 197 1283 cursum
208 1236 231 1281 in
242 1237 331 1283 medios
340 1236 429 1299 rapidus
440 1237 507 1282 dedit
539 1237 631 1295 AEstuat
638 1234 728 1300 iugens¹

51 1299 112 1347 Uno
123 1301 148 1346 in
160 1299 227 1347 corde
237 1302 314 1362 pudor,
326 1303 442 1362 mixtoque
452 1302 539 1348 insania
549 1304 619 1356 luctu,
674 1308 720 1352 871

51 1361 101 1428 [Et
111 1364 176 1412 furiis
187 1366 285 1426 agitatus
297 1382 366 1421 amor,
378 1374 402 1413 et
412 1367 504 1414 conscia
514 1369 586 1415 virtus
595 1367 616 1433 :]

51 1430 135 1492 Atque
146 1430 182 1478 hic
194 1430 284 1479 AEuean
294 1429 378 1495 magnai
388 1439 423 1479 ter
433 1447 491 1480 voce
501 1433 599 1481 vocavit.

52 1495 145 1543 AEneus
156 1498 251 1558 agnovit
261 1499 328 1552 enim,
340 1499 451 1559 laetusque
460 1507 578 1561 precatur:

54 1563 94 1609 Sic
107 1559 178 1607 Pater
187 1562 226 1608 ille
236 1561 315 1609 Deum
326 1561 400 1619 iaciat,
413 1565 446 1610 sic
457 1564 516 1612 altus
527 1565 619 1627 Apollo,

53 1624 156 1688 Incipias
167 1626 270 1674 conferre
280 1643 380 1675 manum.

53 1690 159 1739 Tantum
170 1691 256 1748 effatus,
268 1701 292 1740 et
302 1691 383 1740 infestis
394 1694 454 1741 subit
461 1694 541 1741 obvius
551 1693 623 1741 beatri.

53 1755 101 1804 Ille
113 1763 203 1803 autem:
224 1756 286 1811 Quid
296 1774 340 1814 me,
352 1765 436 1821 erepto,
449 1759 580 1814 saevissime,
592 1766 653 1814 nato,

54 1821 160 1869 Tenes?
177 1823 227 1868 haec
238 1823 275 1870 via
286 1824 334 1871 sola
343 1823 392 1879 fuit,
404 1821 448 1885 quai
458 1824 551 1885 perdere
561 1840 646 1885 posses.
678 1826 727 1873 879

54 1886 111 1935 Nec
121 1894 218 1934 mortem
229 1889 355 1946 horremus,
366 1905 408 1936 nec
419 1887 509 1935 Divum
520 1890 632 1950 parcimus
644 1888 690 1936 ulli.

54 1952 156 2000 Desine.
188 1950 241 2001 Jam
252 1955 319 2001 venio
330 1955 459 2009 moriturus,
471 1963 495 1999 et
505 1955 555 1999 haec
566 1955 605 2000 tibi
616 1963 681 2016 porto

55 2017 131 2065 Dona
142 2017 212 2083 prius.
243 2018 317 2073 Dixit,
329 2018 445 2081 telumque
454 2019 545 2066 intorsit
554 2019 577 2066 in
588 2020 695 2079 hostem3

57 2080 118 2139 Inde
129 2082 190 2129 aliud
201 2098 268 2144 super
278 2091 346 2146 atque
356 2084 415 2131 eliud
425 2083 529 2145 figitque,
540 2086 647 2148 volatque

57 2145 153 2210 Ingenti
164 2161 238 2209 gyro:
258 2149 297 2195 sed
308 2150 404 2196 sustinet
414 2164 496 2196 aureus
507 2152 582 2198 umbo.

57 2212 108 2260 Ter
119 2214 202 2259 circum
214 2214 340 2261 adstantem
351 2214 422 2262 laevos
433 2216 542 2276 equitavit
552 2218 576 2263 in
588 2218 658 2273 orbes,
714 2241 723 2252 ·=

58 2277 119 2325 Tela
130 2279 307 2341 mauujacieus3
324 2290 359 2326 ter
370 2295 446 2328 secum
457 2279 543 2329 Troius
553 2283 620 2329 heros

59 2340 190 2389 Immanem
202 2351 271 2391 aerato
282 2344 411 2391 circumfert
422 2347 523 2408 tegmine
534 2348 622 2395 silvam.

60 2406 120 2455 Inde
131 2408 168 2453 ubi
180 2415 214 2455 tot
224 2410 320 2457 traxisse
330 2425 412 2464 moras,
423 2418 459 2457 tot
469 2412 554 2473 spicula
564 2413 633 2458 taedet

59 2471 162 2528 Vellere,
173 2482 197 2519 et
209 2482 302 2537 urgetur
312 2474 389 2538 pugni
400 2491 537 2537 congressus
547 2474 639 2537 iniqual;

61 2538 141 2585 Multa
152 2553 246 2587 movens
257 2541 339 2596 animo,
351 2541 401 2603 jam
412 2542 504 2587 tandem
514 2542 618 2601 erumpit,
630 2546 653 2585 et
663 2538 723 2585 iuter

61 2602 185 2651 Bellatoris
197 2605 248 2666 equi
259 2621 314 2653 cava
326 2613 427 2667 tempora
438 2606 528 2667 conjicit
538 2605 633 2650 hastam.
682 2607 727 2651 891

60 2665 135 2715 Tollit
146 2684 170 2715 se
180 2677 292 2717 arrectum
303 2671 437 2733 quadrupes,
448 2677 472 2716 et
482 2669 580 2715 calcibus
590 2683 655 2715 auras

61 2732 182 2792 Verberat,
193 2734 335 2798 effusumque
345 2737 444 2799 equitem
455 2749 522 2795 super
532 2734 581 2795 ipse
591 2739 682 2783 secutus

382 2829 385 2846 .
461 2803 503 2847 (λι
519 2803 535 2846 8
