1709 2925
261 132 428 186 AENEIDOS
445 136 498 186 er.
509 130 558 188 xt
687 134 739 193 fene

61 268 205 322 Euandrum
213 266 360 330 Ermudnque
367 269 569 317 domosetmoema
576 272 681 335 complet,
694 276 741 321 140

66 335 133 390 Qnae
143 335 212 381 modo
222 335 331 381 victorem
343 333 413 381 Latio
421 333 527 382 Pallanta
537 335 630 383 ferebat.
730 366 734 371 ·

65 401 176 449 Arcades
185 400 213 446 ad
223 406 301 461 portes
310 414 390 457 ruere3
402 407 426 446 et
437 399 538 448 demere
549 408 640 449 vetusto

60 465 188 514 ¹Funerens
198 462 292 526 renuere
300 464 376 510 faces:
396 465 489 511 lueet
466 480 505 511 vro
513 466 584 529 longo

66 531 159 578 Ordine
168 529 316 584 flnrnmumm,
328 537 352 576 et
361 530 407 576 lete
417 530 555 577 discriminat
565 546 647 594 agros·
727 556 732 561 ·

65 593 161 644 Contra
170 596 235 641 turbs
245 593 366 656 Phrygum
376 595 474 642 veniens
480 594 627 658 plangentis*
617 609 735 661 jungunt

65 660 189 722 Agmine:
209 672 260 720 quse
270 668 389 721 postquem
398 667 485 706 matres
496 661 615 707 succedere
625 665 691 710 tectis

64 724 192 777 Viderunt.
203 732 308 771 moestern
317 724 442 771 incendunt
452 725 586 772 clamoribus
596 728 681 775 urbem.
732 751 738 761 ·

66 788 165 838 Annon
176 789 308 839 numum
318 791 379 851 potis
388 797 424 836 est
436 790 472 836 vis
483 790 529 836 ulls
538 797 631 848 tenere3

67 855 118 902 Sed
128 855 193 902 weit
203 854 226 901 ln
236 855 330 903 medios.
362 853 458 902 Feretro
469 854 574 902 Pilleum
583 854 673 918 repdsto

66 919 198 969 Procubuit
208 934 281 983 super,
289 921 436 981 etquelraeret
448 920 621 982 lacrymansque
634 936 741 984 gemens·

170 999 221 1046 que,
693 989 743 1035 150

66 1049 105 1098 Et
115 1050 155 1096 via
164 1050 204 1096 vix
214 1050 304 1097 tandem
314 1050 366 1095 voci
376 1049 452 1096 lssnte
461 1050 540 1096 dolore
549 1057 598 1097 est:

68 1115 129 1162 Non
141 1115 198 1170 haee,
209 1131 224 1162 o
235 1115 306 1168 Pelle,
317 1115 409 1161 dederas
420 1116 531 1176 promisse
539 1116 633 1176 parenti.

69 1179 170 1229 Cautius
180 1187 206 1226 ut
217 1195 281 1226 sevo
289 1179 360 1226 velles
371 1187 394 1225 te
405 1180 498 1226 credere
508 1179 579 1226 Morti
588 1179 594 1227 l

68 1245 147 1295 Haud
154 1245 249 1306 ignarus
258 1258 326 1298 erem,
337 1251 447 1304 quantum
458 1259 518 1290 nove
527 1244 601 1306 glorie
610 1245 634 1290 in
645 1246 721 1301 ermis,

68 1311 106 1359 Et
116 1310 230 1371 praedulee
241 1310 309 1356 decue
319 1309 392 1371 primo
403 1310 526 1355 certamine
534 1318 617 1371 posset.
658 1318 660 1321 '

71 1375 188 1423 Primitiae
194 1375 286 1437 juvenis
297 1377 386 1421 miserae
396 1373 401 1423 l
418 1374 516 1434 bellique
526 1375 645 1436 propinqui

70 1440 145 1489 Duru
155 1438 296 1487 rudimento!
314 1446 338 1486 et
346 1439 403 1487 vnulli
414 1439 520 1487 exaudite
530 1439 634 1488 Deorum

70 1506 140 1553 Vota
149 1520 271 1567 precesque
280 1503 351 1553 meae!
370 1511 447 1565 tuque,
459 1521 473 1551 o
485 1508 625 1553 sanctissima
635 1508 726 1570 conjux,

71 1571 144 1621 Felix
154 1579 227 1617 morte
236 1568 284 1626 tud,
295 1585 367 1631 neque
377 1571 402 1616 in
412 1571 474 1617 buno
484 1580 573 1619 servate
582 1571 697 1620 dolorem!
769 1617 773 1623 ,

70 1636 165 1686 contra
175 1651 218 1698 ego
229 1636 327 1683 vivendo
337 1636 381 1686 vici
393 1652 444 1682 meo
454 1635 506 1692 fem,
517 1644 631 1698 superstes
697 1640 744 1683 160

68 1702 195 1751 Restsren
207 1707 233 1747 ut
243 1702 339 1763 genitor.
371 1699 460 1747 Troum
472 1702 532 1747 socie
543 1716 604 1747 arms
615 1706 717 1747 secutum

68 1767 206 1816 obruerent
215 1765 297 1812 Rutuli
307 1766 374 1813 telis!
393 1766 492 1812 animem
504 1766 552 1827 ipse
563 1766 688 1822 dedissem3

69 1835 158 1892 Atque
165 1832 215 1877 haee
225 1846 308 1893 pompe
315 1832 407 1878 domum
414 1843 458 1884 me,
467 1844 513 1875 non
522 1829 632 1884 Pellsnta,
640 1829 743 1880 referret!

69 1897 128 1946 Nec
140 1911 182 1944 vos
191 1898 312 1959 arguerim,
323 1895 415 1950 Teucri,
427 1910 470 1941 nec
482 1894 574 1949 t’oedem,
586 1909 636 1949 nec,
647 1910 702 1955 ques

69 1962 91 2013 J
92 1976 201 2009 unximus
211 1962 316 2023 hospitio,
326 1962 432 2008 dextras.
453 1975 502 2006 sors
513 1961 556 2005 iste
567 1966 709 2006 senectae

70 2026 164 2077 Debita
174 2034 222 2073 erat
232 2036 324 2075 nostre.
357 2026 457 2081 Quod'
440 2042 458 2072 sr
469 2027 590 2071 immature
599 2027 737 2074 manebat

70 2092 146 2141 Mors
156 2098 242 2146 ustum,
254 2093 320 2139 oaesis
329 2092 467 2139 Volscorum
477 2091 576 2137 millibus
583 2099 642 2146 ante,

73 2156 226 2206 Ducentem
220 2172 244 2203 m
255 2156 348 2203 Latium
359 2156 462 2204 'lleuoros
473 2156 580 2203 cecidisse
586 2157 682 2218 juvabit.

74 2223 144 2277 Quin
155 2237 200 2299 ego
208 2237 256 2269 non
267 2222 313 2269 elio
323 2223 411 2285 digner
407 2230 439 2269 te
448 2223 535 2299 funere,
547 2222 620 2280 Pelle,
701 2221 749 2271 169

72 2287 188 2342 Quem
166 2301 217 2349 prus
225 2288 319 2342 AEness,
331 2295 354 2334 et
364 2301 431 2348 quem
443 2288 520 2349 megni
534 2287 644 2350 Phryges,
651 2296 675 2334 et
683 2303 750 2350 quum

73 2352 238 2413 Tyrrhenique
249 2353 323 2408 duces,
335 2352 483 2413 Tyrrhentlm
493 2355 606 2399 exercitus
617 2354 698 2400 omnis.

75 2417 170 2479 Magne
180 2424 266 2479 tropaen
275 2417 358 2474 ferunt,
369 2434 427 2479 quos
438 2420 477 2465 det
487 2424 527 2464 tus
537 2419 629 2464 dextero
638 2418 692 2463 leto.
744 2465 748 2479 ἶ

74 2481 118 2529 Tu
128 2495 219 2543 quoque
230 2497 291 2529 nuno
303 2490 374 2531 stares
385 2485 490 2531 immunis
500 2490 593 2528 truncus
604 2482 628 2527 in
640 2484 715 2537 nimis,

77 2547 151 2597 Esset
160 2562 202 2609 per
213 2555 276 2604 aetns,
288 2555 312 2596 et
321 2550 384 2596 idem'
394 2550 413 2595 si
424 2550 492 2606 robur
504 2548 532 2592 sb
543 2547 615 2600 annis,

75 2610 170 2659 Tumei
201 2612 249 2660 Sed
260 2613 340 2661 infelix
350 2613 455 2661 Teucros
466 2611 519 2671 quid
530 2611 634 2656 demoror
645 2610 730 2657 annisi
740 2613 747 2634 ³

78 2677 174 2734 Vadite,
183 2685 209 2726 et
219 2679 269 2727 lisso
280 2694 394 2728 memores
404 2679 455 2741 regi
463 2674 572 2723 mendnts
581 2673 684 2723 referte:-
706 2689 716 2709 r
