1709 2925
250 131 416 185 AENEIDOS
433 133 487 182 Lus
498 133 562 183 XII.
695 136 744 188 Μ

64 267 179 318 Semiviri
188 264 298 327 Phrygis,
309 271 334 311 et
343 264 432 311 t'oedare
439 266 463 311 in
473 266 568 327 pulvere
578 266 653 316 crines

62 334 181 382 Vibratos
192 331 264 378 calido
274 330 335 377 ferro
346 329 485 392 myrrhbque
495 331 621 379 madentes.
698 337 745 383 100

103 397 152 446 His
160 397 236 460 agitur
245 395 310 442 iuriis
316 411 324 453 ;
341 402 435 457 totoque
445 396 545 443 ardentis
552 397 580 443 ab
591 413 631 445 ore

64 463 184 514 Scintilla
193 462 319 508 mestuus:
338 461 411 507 oculis
421 460 491 507 micat
501 462 589 508 acribus
600 464 675 526 ignisz

60 529 178 592 nangius
187 527 258 573 veluti
269 541 321 572 cum
331 528 404 587 prima
412 526 437 571 in
447 526 529 587 proelis
538 535 615 575 taurus

61 593 193 645 Terri‘s'cos
204 592 254 646 ciet,
266 597 333 652 etque
343 591 410 636 irasci
420 591 444 636 in
456 606 541 638 cornua
551 598 630 649 tentat,

62 659 167 709 Arboris
177 658 273 704 obnixus
284 663 365 702 trunco
374 673 381 713 ;
398 662 526 716 ventosque
536 658 626 704 lacessit

65 724 167 777 Ictibus,
177 731 201 770 et
212 719 289 783 sparsi
300 721 328 767 ad
338 736 439 783 pugnam
450 721 550 784 proludit
560 723 635 771 areni.

101 789 157 837 Nec
166 787 242 834 mnus
252 788 339 833 interes
349 787 458 833 maternis
467 801 543 834 saerus
553 788 577 833 in
590 789 658 836 armis

64 855 161 904 AEneas
170 854 233 899 acuit
243 852 351 907 Martem,
363 859 387 898 et
397 866 423 898 se
435 852 528 899 suscitat
539 851 581 907 iri,

66 921 156 969 Obluto
167 918 270 980 gaudens
280 919 385 979 componi
396 915 483 964 foedere
492 916 585 964 bellum·

66 977 135 1033 Tum
147 985 220 1031 socios
230 983 353 1043 moestiquc
365 990 451 1029 metum
464 983 550 1030 solatur
561 981 613 1036 Iuli,
697 985 745 1033 llo

66 1051 131 1099 Fata
142 1050 241 1106 docens3
258 1048 352 1110 regique
358 1048 423 1109 Jubet
435 1063 542 1110 responsa
553 1047 637 1095 Latino

68 1115 144 1165 Certa
154 1113 238 1160 referre
247 1113 317 1168 viros,
328 1120 352 1158 et
362 1113 424 1174 pacis
435 1114 509 1161 dicere
519 1114 590 1176 leges.

103 1180 203 1241 Posterq
211 1179 251 1226 rix
262 1193 365 1225 summos
376 1180 496 1241 spargebat
505 1179 592 1225 lumine
601 1185 691 1227 montes

66 1246 132 1295 Orsa
142 1246 205 1302 dies;
222 1259 273 1290 cum
285 1245 382 1306 primum
395 1243 441 1290 alto
453 1259 477 1289 se
487 1245 581 1307 gurgite
591 1244 674 1291 tollunt

66 1311 134 1361 Solis
144 1310 202 1371 equi,
214 1309 333 1369 lucemque
343 1309 408 1355 elatis
418 1309 509 1355 naribus
520 1309 612 1356 efflant:

68 1376 186 1437 Campum
198 1374 226 1422 ad
238 1381 352 1421 certamen
363 1388 456 1435 magnae
467 1375 509 1421 sub
518 1375 631 1422 moenibus
643 1375 703 1422 urbis

67 1440 181 1492 Dimensi
192 1439 319 1501 Rutulique
329 1439 371 1487 riri
383 1438 512 1502 Teucrique
521 1441 650 1503 parabunt·5
743 1492 748 1498 ,

69 1507 102 1556 In
113 1507 233 1568 medioque
243 1505 308 1553 iocos
320 1512 343 1553 et
355 1504 400 1552 Dis
411 1508 568 1554 communibus
580 1521 631 1553 aras

68 1573 217 1622 Gramineus.
249 1571 298 1618 Alii
308 1570 441 1632 fontemque
451 1572 574 1635 ignemque
583 1571 693 1627 serebant,

67 1638 151 1686 Veluti
161 1638 214 1692 lino,
226 1634 471 1698 etrerbendtempora
480 1639 558 1685 vincti.
698 1639 745 1683 120

67 1703 182 1753 Procedit
191 1703 253 1765 legio
263 1701 415 1757 Ausonidum,
426 1703 540 1764 pilataque
550 1702 624 1765 plenis

65 1769 175 1832 Agmina
186 1783 211 1815 se
220 1767 319 1814 fundunt
329 1768 406 1830 portis.
441 1766 506 1814 Hinc
515 1766 601 1814 Troius
612 1765 693 1820 omnis,

65 1834 258 1897 Tyrrhenusque,
270 1833 316 1879 rult
325 1834 394 1879 variis
405 1834 520 1879 exercitus
531 1832 615 1888 armis;

68 1899 146 1949 Haud
157 1913 222 1946 secus
233 1899 337 1945 instructi
346 1897 414 1953 ferro,
426 1913 494 1957 quam
505 1899 524 1945 sl
535 1911 613 1959 aspera
624 1895 709 1942 Martis

69 1966 157 2028 Pugna
167 1973 241 2010 uocet.
275 1962 373 2012 Necnon
385 1964 500 2009 mediisin
511 1962 610 2010 millibus
621 1962 663 2024 ipsi

67 2030 190 2080 Ductores
200 2043 254 2075 auro
265 2029 362 2076 volitant
371 2036 478 2090 ostroque
488 2029 571 2083 decori,

68 2096 105 2145 Et
116 2109 192 2157 genus
203 2093 310 2140 Assaraci
320 2093 465 2149 Mnestheus,
476 2102 500 2141 et
510 2094 576 2140 fortis
588 2092 680 2154 Asylas,
744 2104 749 2113 ·

68 2161 106 2210 Et
118 2159 240 2222 Messapus
251 2158 334 2219 equum
345 2160 451 2215 domitor,
463 2158 580 2221 Neptunia
590 2158 673 2222 proles.

70 2225 154 2286 thue
165 2226 217 2271 dato
228 2225 296 2285 sigan
306 2224 377 2286 spatia
387 2225 412 2271 in
422 2240 463 2272 sua
474 2227 570 2286 quisque
580 2225 679 2280 recessit,

68 2290 188 2352 Deligunt
198 2289 280 2336 tellure
288 2290 371 2344 hastas,
383 2296 406 2336 et
417 2298 482 2338 scuta
492 2292 609 2338 reclinant.
699 2292 746 2335 130

67 2358 134 2406 Tum
146 2354 221 2402 studio
230 2353 310 2401 effusa
319 2363 409 2411 matres,
421 2364 446 2408 et
457 2357 540 2418 vulgus
550 2357 672 2412 mannum,

69 2420 216 2481 Invalidiqua
227 2434 300 2476 senes,
311 2426 385 2467 turres
395 2427 420 2467 et
430 2427 491 2467 tecta
501 2423 620 2468 damonum

70 2482 204 2538 Obseddre:
223 2485 260 2531 alii
271 2486 343 2546 portis
353 2486 485 2532 sublimibus
496 2487 592 2533 adstant.

102 2551 139 2599 At
148 2547 219 2604 Jnuo,
230 2566 244 2596 a
253 2565 350 2604 summo,
361 2551 400 2611 qui
411 2565 473 2598 nunc
483 2550 587 2597 Albanus
596 2548 697 2600 babetur,

68 2617 146 2736 grum
157 2630 232 2676 neque
241 2629 325 2662 nomen
333 2624 388 2671 erat,
396 2631 440 2663 nec
447 2615 520 2661 honos
528 2622 567 2661 aut
574 2613 648 2674 gloria
660 2608 744 2669 monti)

93 2680 218 2746 respiciens
231 2679 328 2739 tumulo,
339 2695 444 2743 campum
454 2679 603 2743 adspectatur,
614 2683 638 2724 et
648 2674 731 2731 ambas,
