<?xml version="1.0" encoding="UTF-8"?>
<!DOCTYPE html PUBLIC "-//W3C//DTD XHTML 1.0 Transitional//EN"
    "http://www.w3.org/TR/xhtml1/DTD/xhtml1-transitional.dtd">
<html xmlns="http://www.w3.org/1999/xhtml" xml:lang="en" lang="en">
 <head>
  <title>
</title>
<meta http-equiv="Content-Type" content="text/html;charset=utf-8" />
  <meta name='ocr-system' content='tesseract 3.04.00' />
  <meta name='ocr-capabilities' content='ocr_page ocr_carea ocr_par ocr_line ocrx_word'/>
</head>
<body>
  <div class='ocr_page' id='page_1' title='image "./pvirgiliimaroni00heyngoog/pvirgiliimaroni00heyngoog_0330.png"; bbox 0 0 1709 2925; ppageno 0'>
   <div class='ocr_carea' id='block_1_1' title="bbox 112 170 592 229">
    <p class='ocr_par' dir='ltr' id='par_1_1' title="bbox 112 170 592 229">
     <span class='ocr_line' id='line_1_1' title="bbox 112 170 592 229; baseline -0.002 0"><span class='ocrx_word' id='word_1_1' title='bbox 112 183 164 229; x_wconf 82' lang='lat' dir='ltr'><strong>sao</strong></span> <span class='ocrx_word' id='word_1_2' title='bbox 295 176 460 229; x_wconf 64' lang='lat' dir='ltr'><strong>assumes</strong></span> <span class='ocrx_word' id='word_1_3' title='bbox 476 170 592 228; x_wconf 69' lang='lat' dir='ltr'><strong>aaut</strong></span> 
     </span>
    </p>
   </div>
   <div class='ocr_carea' id='block_1_2' title="bbox 116 303 803 2774">
    <p class='ocr_par' dir='ltr' id='par_1_2' title="bbox 116 303 677 425">
     <span class='ocr_line' id='line_1_2' title="bbox 116 303 677 366; baseline -0.009 -10"><span class='ocrx_word' id='word_1_4' title='bbox 116 306 225 356; x_wconf 67' lang='lat' dir='ltr'><strong>Mittitur</strong></span> <span class='ocrx_word' id='word_1_5' title='bbox 236 305 318 361; x_wconf 82' lang='lat' dir='ltr'><strong>Pallas,</strong></span> <span class='ocrx_word' id='word_1_6' title='bbox 329 320 396 366; x_wconf 87' lang='lat' dir='ltr'><strong>quem</strong></span> <span class='ocrx_word' id='word_1_7' title='bbox 408 319 455 351; x_wconf 86' lang='lat' dir='ltr'><strong>non</strong></span> <span class='ocrx_word' id='word_1_8' title='bbox 465 303 555 351; x_wconf 83' lang='lat' dir='ltr'><strong>virtutis</strong></span> <span class='ocrx_word' id='word_1_9' title='bbox 566 311 677 364; x_wconf 87' lang='lat' dir='ltr'><strong>egentem</strong></span> 
     </span>
     <span class='ocr_line' id='line_1_3' title="bbox 116 368 659 425; baseline -0.009 -5"><span class='ocrx_word' id='word_1_10' title='bbox 116 373 218 421; x_wconf 75' lang='lat' dir='ltr'><strong>Abstulit</strong></span> <span class='ocrx_word' id='word_1_11' title='bbox 229 378 277 418; x_wconf 89' lang='lat' dir='ltr'><strong>atra</strong></span> <span class='ocrx_word' id='word_1_12' title='bbox 287 371 341 425; x_wconf 85' lang='lat' dir='ltr'><strong>dies,</strong></span> <span class='ocrx_word' id='word_1_13' title='bbox 352 377 376 417; x_wconf 87' lang='lat' dir='ltr'><strong>et</strong></span> <span class='ocrx_word' id='word_1_14' title='bbox 386 368 466 415; x_wconf 83' lang='lat' dir='ltr'><strong>funere</strong></span> <span class='ocrx_word' id='word_1_15' title='bbox 476 370 555 415; x_wconf 80' lang='lat' dir='ltr'><strong>mersit</strong></span> <span class='ocrx_word' id='word_1_16' title='bbox 570 370 659 415; x_wconf 85' lang='lat' dir='ltr'><strong>ucerbo.</strong></span> 
     </span>
    </p>

    <p class='ocr_par' dir='ltr' id='par_1_3' title="bbox 118 433 800 758">
     <span class='ocr_line' id='line_1_4' title="bbox 151 433 799 496; baseline -0.003 -12"><span class='ocrx_word' id='word_1_17' title='bbox 151 437 188 484; x_wconf 89' lang='lat' dir='ltr'><strong>Sic</strong></span> <span class='ocrx_word' id='word_1_18' title='bbox 199 438 230 483; x_wconf 88' lang='lat' dir='ltr'><strong>ait</strong></span> <span class='ocrx_word' id='word_1_19' title='bbox 239 436 390 496; x_wconf 85' lang='lat' dir='ltr'><strong>illacrymans,</strong></span> <span class='ocrx_word' id='word_1_20' title='bbox 406 435 529 496; x_wconf 82' lang='lat' dir='ltr'><strong>recipitque</strong></span> <span class='ocrx_word' id='word_1_21' title='bbox 540 433 569 479; x_wconf 86' lang='lat' dir='ltr'><strong>ad</strong></span> <span class='ocrx_word' id='word_1_22' title='bbox 579 433 659 480; x_wconf 77' lang='lat' dir='ltr'><strong>limina</strong></span> <span class='ocrx_word' id='word_1_23' title='bbox 668 450 799 496; x_wconf 68' lang='lat' dir='ltr'><strong>gressum</strong></span> 
     </span>
     <span class='ocr_line' id='line_1_5' title="bbox 119 496 800 567; baseline -0.004 -17"><span class='ocrx_word' id='word_1_24' title='bbox 119 500 208 564; x_wconf 87' lang='lat' dir='ltr'><strong>Corpus</strong></span> <span class='ocrx_word' id='word_1_25' title='bbox 214 501 256 567; x_wconf 36' lang='lat' dir='ltr'><strong>,ubi</strong></span> <span class='ocrx_word' id='word_1_26' title='bbox 268 501 366 547; x_wconf 81' lang='lat' dir='ltr'><strong>exanimi</strong></span> <span class='ocrx_word' id='word_1_27' title='bbox 377 500 475 562; x_wconf 90' lang='lat' dir='ltr'><strong>positum</strong></span> <span class='ocrx_word' id='word_1_28' title='bbox 489 496 600 545; x_wconf 83' lang='lat' dir='ltr'><strong>Pallantis</strong></span> <span class='ocrx_word' id='word_1_29' title='bbox 611 498 733 557; x_wconf 21' lang='lat' dir='ltr'><strong>Acoetes‘</strong></span> <span class='ocrx_word' id='word_1_30' title='bbox 764 506 800 547; x_wconf 81' lang='lat'><strong>80</strong></span> 
     </span>
     <span class='ocr_line' id='line_1_6' title="bbox 118 562 732 626; baseline -0.01 -12"><span class='ocrx_word' id='word_1_31' title='bbox 118 567 227 615; x_wconf 80' lang='lat' dir='ltr'><strong>Servabat</strong></span> <span class='ocrx_word' id='word_1_32' title='bbox 235 565 316 621; x_wconf 86' lang='lat' dir='ltr'><strong>senior,</strong></span> <span class='ocrx_word' id='word_1_33' title='bbox 328 566 367 626; x_wconf 90' lang='lat' dir='ltr'><strong>qui</strong></span> <span class='ocrx_word' id='word_1_34' title='bbox 378 563 499 613; x_wconf 80' lang='lat' dir='ltr'><strong>Parrhasio</strong></span> <span class='ocrx_word' id='word_1_35' title='bbox 511 562 620 610; x_wconf 84' lang='lat' dir='ltr'><strong>Euandro</strong></span> <span class='ocrx_word' id='word_1_36' title='bbox 724 606 732 615; x_wconf 80' lang='grc'>,</span> 
     </span>
     <span class='ocr_line' id='line_1_7' title="bbox 118 628 664 694; baseline -0.005 -16"><span class='ocrx_word' id='word_1_37' title='bbox 118 631 228 694; x_wconf 83' lang='lat' dir='ltr'><strong>Armiger</strong></span> <span class='ocrx_word' id='word_1_38' title='bbox 238 639 291 678; x_wconf 88' lang='lat' dir='ltr'><strong>ante</strong></span> <span class='ocrx_word' id='word_1_39' title='bbox 300 630 357 688; x_wconf 80' lang='lat' dir='ltr'><strong>fuit3</strong></span> <span class='ocrx_word' id='word_1_40' title='bbox 375 630 414 676; x_wconf 91' lang='lat' dir='ltr'><strong>sed</strong></span> <span class='ocrx_word' id='word_1_41' title='bbox 425 644 472 675; x_wconf 91' lang='lat' dir='ltr'><strong>non</strong></span> <span class='ocrx_word' id='word_1_42' title='bbox 482 628 585 675; x_wconf 84' lang='lat' dir='ltr'><strong>felicibus</strong></span> <span class='ocrx_word' id='word_1_43' title='bbox 596 640 664 689; x_wconf 84' lang='lat' dir='ltr'><strong>seque</strong></span> 
     </span>
     <span class='ocr_line' id='line_1_8' title="bbox 118 692 684 758; baseline -0.004 -15"><span class='ocrx_word' id='word_1_44' title='bbox 118 694 180 743; x_wconf 89' lang='lat' dir='ltr'><strong>Tum</strong></span> <span class='ocrx_word' id='word_1_45' title='bbox 192 712 268 744; x_wconf 86' lang='lat' dir='ltr'><strong>comes</strong></span> <span class='ocrx_word' id='word_1_46' title='bbox 277 696 380 758; x_wconf 79' lang='lat' dir='ltr'><strong>auspiciis</strong></span> <span class='ocrx_word' id='word_1_47' title='bbox 387 709 441 742; x_wconf 87' lang='lat' dir='ltr'><strong>caro</strong></span> <span class='ocrx_word' id='word_1_48' title='bbox 451 694 516 740; x_wconf 86' lang='lat' dir='ltr'><strong>datus</strong></span> <span class='ocrx_word' id='word_1_49' title='bbox 527 694 573 740; x_wconf 87' lang='lat' dir='ltr'><strong>ibat</strong></span> <span class='ocrx_word' id='word_1_50' title='bbox 583 692 684 741; x_wconf 83' lang='lat' dir='ltr'><strong>alumno.</strong></span> 
     </span>
    </p>

    <p class='ocr_par' dir='ltr' id='par_1_4' title="bbox 119 752 797 879">
     <span class='ocr_line' id='line_1_9' title="bbox 120 752 797 827; baseline -0.004 -17"><span class='ocrx_word' id='word_1_51' title='bbox 120 760 213 827; x_wconf 81' lang='lat' dir='ltr'><strong>Circum</strong></span> <span class='ocrx_word' id='word_1_52' title='bbox 225 763 299 809; x_wconf 90' lang='lat' dir='ltr'><strong>omnis</strong></span> <span class='ocrx_word' id='word_1_53' title='bbox 309 760 463 819; x_wconf 80' lang='lat' dir='ltr'><strong>famulumque</strong></span> <span class='ocrx_word' id='word_1_54' title='bbox 473 773 554 804; x_wconf 89' lang='lat' dir='ltr'><strong>manus</strong></span> <span class='ocrx_word' id='word_1_55' title='bbox 564 752 714 821; x_wconf 84' lang='lat' dir='ltr'><strong>Trojanaque</strong></span> <span class='ocrx_word' id='word_1_56' title='bbox 725 761 797 816; x_wconf 78' lang='lat' dir='ltr'><strong>turbs,</strong></span> 
     </span>
     <span class='ocr_line' id='line_1_10' title="bbox 119 823 669 879; baseline -0.011 -3"><span class='ocrx_word' id='word_1_57' title='bbox 119 826 154 876; x_wconf 87' lang='lat' dir='ltr'><strong>Et</strong></span> <span class='ocrx_word' id='word_1_58' title='bbox 165 835 272 879; x_wconf 85' lang='lat' dir='ltr'><strong>moestum</strong></span> <span class='ocrx_word' id='word_1_59' title='bbox 284 826 366 873; x_wconf 83' lang='lat' dir='ltr'><strong>iliades</strong></span> <span class='ocrx_word' id='word_1_60' title='bbox 374 825 460 872; x_wconf 88' lang='lat' dir='ltr'><strong>crinem</strong></span> <span class='ocrx_word' id='word_1_61' title='bbox 470 824 499 870; x_wconf 88' lang='lat' dir='ltr'><strong>de</strong></span> <span class='ocrx_word' id='word_1_62' title='bbox 506 839 571 870; x_wconf 87' lang='lat' dir='ltr'><strong>more</strong></span> <span class='ocrx_word' id='word_1_63' title='bbox 578 823 669 871; x_wconf 83' lang='lat' dir='ltr'><strong>solutae.</strong></span> 
     </span>
    </p>

    <p class='ocr_par' dir='ltr' id='par_1_5' title="bbox 120 888 630 943">
     <span class='ocr_line' id='line_1_11' title="bbox 120 888 630 943; baseline -0.014 -3"><span class='ocrx_word' id='word_1_64' title='bbox 120 891 157 940; x_wconf 91' lang='lat' dir='ltr'><strong>Ut</strong></span> <span class='ocrx_word' id='word_1_65' title='bbox 168 909 223 940; x_wconf 84' lang='lat' dir='ltr'><strong>vero</strong></span> <span class='ocrx_word' id='word_1_66' title='bbox 233 892 321 939; x_wconf 81' lang='lat' dir='ltr'><strong>AEness</strong></span> <span class='ocrx_word' id='word_1_67' title='bbox 330 890 414 937; x_wconf 84' lang='lat' dir='ltr'><strong>foribus</strong></span> <span class='ocrx_word' id='word_1_68' title='bbox 425 904 475 935; x_wconf 89' lang='lat' dir='ltr'><strong>sese</strong></span> <span class='ocrx_word' id='word_1_69' title='bbox 485 888 562 934; x_wconf 87' lang='lat' dir='ltr'><strong>intulit</strong></span> <span class='ocrx_word' id='word_1_70' title='bbox 572 889 630 943; x_wconf 84' lang='lat' dir='ltr'><strong>altis,</strong></span> 
     </span>
    </p>

    <p class='ocr_par' dir='ltr' id='par_1_6' title="bbox 121 953 672 1081">
     <span class='ocr_line' id='line_1_12' title="bbox 121 953 672 1023; baseline -0.007 -18"><span class='ocrx_word' id='word_1_71' title='bbox 121 956 245 1023; x_wconf 82' lang='lat' dir='ltr'><strong>Ingentem</strong></span> <span class='ocrx_word' id='word_1_72' title='bbox 257 956 367 1019; x_wconf 87' lang='lat' dir='ltr'><strong>gemitum</strong></span> <span class='ocrx_word' id='word_1_73' title='bbox 378 955 451 1001; x_wconf 90' lang='lat' dir='ltr'><strong>tunsis</strong></span> <span class='ocrx_word' id='word_1_74' title='bbox 462 954 490 1000; x_wconf 87' lang='lat' dir='ltr'><strong>ad</strong></span> <span class='ocrx_word' id='word_1_75' title='bbox 501 953 573 1000; x_wconf 89' lang='lat' dir='ltr'><strong>sidera</strong></span> <span class='ocrx_word' id='word_1_76' title='bbox 583 954 672 1001; x_wconf 89' lang='lat' dir='ltr'><strong>tollunt</strong></span> 
     </span>
     <span class='ocr_line' id='line_1_13' title="bbox 122 1018 672 1081; baseline -0.009 -11"><span class='ocrx_word' id='word_1_77' title='bbox 122 1018 262 1075; x_wconf 76' lang='lat' dir='ltr'><strong>Pectoribus,</strong></span> <span class='ocrx_word' id='word_1_78' title='bbox 271 1027 398 1081; x_wconf 86' lang='lat' dir='ltr'><strong>moestoque</strong></span> <span class='ocrx_word' id='word_1_79' title='bbox 408 1018 515 1080; x_wconf 86' lang='lat' dir='ltr'><strong>immugit</strong></span> <span class='ocrx_word' id='word_1_80' title='bbox 525 1019 588 1081; x_wconf 86' lang='lat' dir='ltr'><strong>regia</strong></span> <span class='ocrx_word' id='word_1_81' title='bbox 598 1019 672 1066; x_wconf 84' lang='lat' dir='ltr'><strong>luctu.</strong></span> 
     </span>
    </p>

    <p class='ocr_par' dir='ltr' id='par_1_7' title="bbox 122 1084 803 1279">
     <span class='ocr_line' id='line_1_14' title="bbox 122 1084 803 1150; baseline -0.007 -16"><span class='ocrx_word' id='word_1_82' title='bbox 122 1086 184 1150; x_wconf 80' lang='lat' dir='ltr'><strong>Ipse,</strong></span> <span class='ocrx_word' id='word_1_83' title='bbox 194 1094 261 1149; x_wconf 88' lang='lat' dir='ltr'><strong>caput</strong></span> <span class='ocrx_word' id='word_1_84' title='bbox 270 1085 331 1133; x_wconf 64' lang='lat' dir='ltr'><strong>,nivei</strong></span> <span class='ocrx_word' id='word_1_85' title='bbox 341 1085 424 1133; x_wconf 82' lang='lat' dir='ltr'><strong>fultum</strong></span> <span class='ocrx_word' id='word_1_86' title='bbox 437 1084 547 1131; x_wconf 85' lang='lat' dir='ltr'><strong>Pallantis</strong></span> <span class='ocrx_word' id='word_1_87' title='bbox 558 1090 581 1131; x_wconf 94' lang='lat' dir='ltr'><strong>et</strong></span> <span class='ocrx_word' id='word_1_88' title='bbox 591 1098 632 1130; x_wconf 82' lang='lat' dir='ltr'><strong>ors</strong></span> <span class='ocrx_word' id='word_1_89' title='bbox 801 1114 803 1119; x_wconf 90' lang='lat'>·</span> 
     </span>
     <span class='ocr_line' id='line_1_15' title="bbox 123 1149 797 1217; baseline -0.007 -17"><span class='ocrx_word' id='word_1_90' title='bbox 123 1151 161 1200; x_wconf 89' lang='lat' dir='ltr'><strong>Ut</strong></span> <span class='ocrx_word' id='word_1_91' title='bbox 170 1152 235 1209; x_wconf 78' lang='lat' dir='ltr'><strong>vidit,</strong></span> <span class='ocrx_word' id='word_1_92' title='bbox 245 1151 335 1212; x_wconf 75' lang='lat' dir='ltr'><strong>leuique</strong></span> <span class='ocrx_word' id='word_1_93' title='bbox 344 1157 425 1212; x_wconf 86' lang='lat' dir='ltr'><strong>pateas</strong></span> <span class='ocrx_word' id='word_1_94' title='bbox 436 1150 461 1196; x_wconf 85' lang='lat' dir='ltr'><strong>in</strong></span> <span class='ocrx_word' id='word_1_95' title='bbox 471 1156 563 1211; x_wconf 86' lang='lat' dir='ltr'><strong>pectore</strong></span> <span class='ocrx_word' id='word_1_96' title='bbox 573 1149 658 1196; x_wconf 83' lang='lat' dir='ltr'><strong>vulnus</strong></span> <span class='ocrx_word' id='word_1_97' title='bbox 765 1154 797 1217; x_wconf 63' lang='lat'><strong>49</strong></span> 
     </span>
     <span class='ocr_line' id='line_1_16' title="bbox 122 1213 699 1279; baseline -0.01 -13"><span class='ocrx_word' id='word_1_98' title='bbox 122 1215 229 1279; x_wconf 74' lang='lat' dir='ltr'><strong>Cuspidis</strong></span> <span class='ocrx_word' id='word_1_99' title='bbox 239 1216 357 1269; x_wconf 85' lang='lat' dir='ltr'><strong>Ausoniae,</strong></span> <span class='ocrx_word' id='word_1_100' title='bbox 368 1215 476 1275; x_wconf 75' lang='lat' dir='ltr'><strong>iacrymis</strong></span> <span class='ocrx_word' id='word_1_101' title='bbox 483 1215 518 1265; x_wconf 83' lang='lat' dir='ltr'><strong>ita</strong></span> <span class='ocrx_word' id='word_1_102' title='bbox 526 1213 586 1261; x_wconf 79' lang='lat' dir='ltr'><strong>tatur</strong></span> <span class='ocrx_word' id='word_1_103' title='bbox 595 1214 699 1261; x_wconf 82' lang='lat' dir='ltr'><strong>obortis:</strong></span> 
     </span>
    </p>

    <p class='ocr_par' dir='ltr' id='par_1_8' title="bbox 123 1280 735 1409">
     <span class='ocr_line' id='line_1_17' title="bbox 123 1280 735 1343; baseline -0.007 -13"><span class='ocrx_word' id='word_1_104' title='bbox 123 1281 196 1337; x_wconf 82' lang='lat' dir='ltr'><strong>Tene,</strong></span> <span class='ocrx_word' id='word_1_105' title='bbox 209 1283 288 1343; x_wconf 73' lang='lat' dir='ltr'><strong>inquit,</strong></span> <span class='ocrx_word' id='word_1_106' title='bbox 298 1280 425 1329; x_wconf 83' lang='lat' dir='ltr'><strong>miserande</strong></span> <span class='ocrx_word' id='word_1_107' title='bbox 435 1295 497 1342; x_wconf 86' lang='lat' dir='ltr'><strong>puer,</strong></span> <span class='ocrx_word' id='word_1_108' title='bbox 509 1295 561 1326; x_wconf 89' lang='lat' dir='ltr'><strong>cum</strong></span> <span class='ocrx_word' id='word_1_109' title='bbox 571 1280 626 1326; x_wconf 76' lang='lat' dir='ltr'><strong>laeta</strong></span> <span class='ocrx_word' id='word_1_110' title='bbox 636 1280 735 1334; x_wconf 82' lang='lat' dir='ltr'><strong>veniret,</strong></span> 
     </span>
     <span class='ocr_line' id='line_1_18' title="bbox 123 1335 613 1409; baseline -0.006 -15"><span class='ocrx_word' id='word_1_111' title='bbox 123 1344 211 1395; x_wconf 85' lang='lat' dir='ltr'><strong>Invidit</strong></span> <span class='ocrx_word' id='word_1_112' title='bbox 218 1347 320 1394; x_wconf 81' lang='lat' dir='ltr'><strong>Fortuna</strong></span> <span class='ocrx_word' id='word_1_113' title='bbox 330 1335 391 1401; x_wconf 79' lang='lat' dir='ltr'><strong>mihi.</strong></span> <span class='ocrx_word' id='word_1_114' title='bbox 400 1361 434 1409; x_wconf 50' lang='lat' dir='ltr'><strong>,ne</strong></span> <span class='ocrx_word' id='word_1_115' title='bbox 444 1360 515 1406; x_wconf 89' lang='lat' dir='ltr'><strong>regna</strong></span> <span class='ocrx_word' id='word_1_116' title='bbox 525 1344 613 1392; x_wconf 83' lang='lat' dir='ltr'><strong>videres</strong></span> 
     </span>
    </p>

    <p class='ocr_par' dir='ltr' id='par_1_9' title="bbox 125 1409 756 1539">
     <span class='ocr_line' id='line_1_19' title="bbox 126 1409 756 1472; baseline -0.006 -13"><span class='ocrx_word' id='word_1_117' title='bbox 126 1412 220 1470; x_wconf 61' lang='lat' dir='ltr'><strong>Nostro,</strong></span> <span class='ocrx_word' id='word_1_118' title='bbox 232 1427 307 1472; x_wconf 83' lang='lat' dir='ltr'><strong>neque</strong></span> <span class='ocrx_word' id='word_1_119' title='bbox 316 1411 418 1461; x_wconf 77' lang='lat' dir='ltr'><strong>adsedet</strong></span> <span class='ocrx_word' id='word_1_120' title='bbox 428 1411 501 1457; x_wconf 88' lang='lat' dir='ltr'><strong>victor</strong></span> <span class='ocrx_word' id='word_1_121' title='bbox 511 1411 619 1459; x_wconf 83' lang='lat' dir='ltr'><strong>veherere</strong></span> <span class='ocrx_word' id='word_1_122' title='bbox 629 1409 756 1472; x_wconf 74' lang='lat' dir='ltr'><strong>paternas?</strong></span> 
     </span>
     <span class='ocr_line' id='line_1_20' title="bbox 125 1476 655 1539; baseline -0.009 -12"><span class='ocrx_word' id='word_1_123' title='bbox 125 1477 182 1527; x_wconf 86' lang='lat' dir='ltr'><strong>Non</strong></span> <span class='ocrx_word' id='word_1_124' title='bbox 192 1480 242 1528; x_wconf 79' lang='lat' dir='ltr'><strong>baec</strong></span> <span class='ocrx_word' id='word_1_125' title='bbox 253 1477 363 1524; x_wconf 86' lang='lat' dir='ltr'><strong>Euandro</strong></span> <span class='ocrx_word' id='word_1_126' title='bbox 374 1477 402 1525; x_wconf 88' lang='lat' dir='ltr'><strong>de</strong></span> <span class='ocrx_word' id='word_1_127' title='bbox 412 1485 436 1524; x_wconf 89' lang='lat' dir='ltr'><strong>te</strong></span> <span class='ocrx_word' id='word_1_128' title='bbox 446 1476 557 1539; x_wconf 73' lang='lat' dir='ltr'><strong>promisse</strong></span> <span class='ocrx_word' id='word_1_129' title='bbox 566 1476 655 1537; x_wconf 88' lang='lat' dir='ltr'><strong>parenti</strong></span> 
     </span>
    </p>

    <p class='ocr_par' dir='ltr' id='par_1_10' title="bbox 125 1541 797 1735">
     <span class='ocr_line' id='line_1_21' title="bbox 125 1541 739 1603; baseline -0.003 -11"><span class='ocrx_word' id='word_1_130' title='bbox 125 1542 256 1593; x_wconf 84' lang='lat' dir='ltr'><strong>Discedens</strong></span> <span class='ocrx_word' id='word_1_131' title='bbox 266 1541 379 1600; x_wconf 85' lang='lat' dir='ltr'><strong>dederam,</strong></span> <span class='ocrx_word' id='word_1_132' title='bbox 391 1556 444 1589; x_wconf 89' lang='lat' dir='ltr'><strong>cum</strong></span> <span class='ocrx_word' id='word_1_133' title='bbox 455 1556 497 1588; x_wconf 88' lang='lat' dir='ltr'><strong>me</strong></span> <span class='ocrx_word' id='word_1_134' title='bbox 503 1542 634 1603; x_wconf 81' lang='lat' dir='ltr'><strong>complexus</strong></span> <span class='ocrx_word' id='word_1_135' title='bbox 645 1548 739 1590; x_wconf 82' lang='lat' dir='ltr'><strong>euntem</strong></span> 
     </span>
     <span class='ocr_line' id='line_1_22' title="bbox 127 1607 797 1670; baseline -0.007 -12"><span class='ocrx_word' id='word_1_136' title='bbox 127 1609 268 1659; x_wconf 77' lang='lat' dir='ltr'><strong>Mitterstin</strong></span> <span class='ocrx_word' id='word_1_137' title='bbox 278 1622 388 1670; x_wconf 66' lang='lat' dir='ltr'><strong>magnum</strong></span> <span class='ocrx_word' id='word_1_138' title='bbox 399 1607 525 1669; x_wconf 81' lang='lat' dir='ltr'><strong>imperium,</strong></span> <span class='ocrx_word' id='word_1_139' title='bbox 536 1613 686 1667; x_wconf 80' lang='lat' dir='ltr'><strong>metuensque</strong></span> <span class='ocrx_word' id='word_1_140' title='bbox 696 1610 797 1654; x_wconf 78' lang='lat' dir='ltr'><strong>moneret</strong></span> 
     </span>
     <span class='ocr_line' id='line_1_23' title="bbox 128 1671 653 1735; baseline -0.013 -11"><span class='ocrx_word' id='word_1_141' title='bbox 128 1675 203 1724; x_wconf 79' lang='lat' dir='ltr'><strong>Actes</strong></span> <span class='ocrx_word' id='word_1_142' title='bbox 212 1690 263 1722; x_wconf 87' lang='lat' dir='ltr'><strong>esse</strong></span> <span class='ocrx_word' id='word_1_143' title='bbox 272 1674 343 1730; x_wconf 80' lang='lat' dir='ltr'><strong>viros,</strong></span> <span class='ocrx_word' id='word_1_144' title='bbox 353 1688 407 1720; x_wconf 81' lang='lat' dir='ltr'><strong>cum</strong></span> <span class='ocrx_word' id='word_1_145' title='bbox 418 1671 475 1719; x_wconf 81' lang='lat' dir='ltr'><strong>dard</strong></span> <span class='ocrx_word' id='word_1_146' title='bbox 485 1672 564 1735; x_wconf 74' lang='lat' dir='ltr'><strong>proelia</strong></span> <span class='ocrx_word' id='word_1_147' title='bbox 574 1679 653 1733; x_wconf 86' lang='lat' dir='ltr'><strong>gente.</strong></span> 
     </span>
    </p>

    <p class='ocr_par' dir='ltr' id='par_1_11' title="bbox 129 1737 718 1801">
     <span class='ocr_line' id='line_1_24' title="bbox 129 1737 718 1801; baseline -0.012 -11"><span class='ocrx_word' id='word_1_148' title='bbox 129 1740 164 1790; x_wconf 87' lang='lat' dir='ltr'><strong>Et</strong></span> <span class='ocrx_word' id='word_1_149' title='bbox 174 1756 234 1790; x_wconf 87' lang='lat' dir='ltr'><strong>nunc</strong></span> <span class='ocrx_word' id='word_1_150' title='bbox 243 1739 283 1787; x_wconf 90' lang='lat' dir='ltr'><strong>ille</strong></span> <span class='ocrx_word' id='word_1_151' title='bbox 292 1738 389 1801; x_wconf 85' lang='lat' dir='ltr'><strong>quidem,</strong></span> <span class='ocrx_word' id='word_1_152' title='bbox 401 1752 443 1799; x_wconf 90' lang='lat' dir='ltr'><strong>spe</strong></span> <span class='ocrx_word' id='word_1_153' title='bbox 451 1738 549 1784; x_wconf 88' lang='lat' dir='ltr'><strong>multum</strong></span> <span class='ocrx_word' id='word_1_154' title='bbox 559 1744 638 1800; x_wconf 80' lang='lat' dir='ltr'><strong>ceptus</strong></span> <span class='ocrx_word' id='word_1_155' title='bbox 648 1737 718 1792; x_wconf 87' lang='lat' dir='ltr'><strong>inani,</strong></span> 
     </span>
    </p>

    <p class='ocr_par' dir='ltr' id='par_1_12' title="bbox 126 1803 798 1990">
     <span class='ocr_line' id='line_1_25' title="bbox 129 1803 798 1863; baseline -0.01 -9"><span class='ocrx_word' id='word_1_156' title='bbox 129 1805 189 1854; x_wconf 85' lang='lat' dir='ltr'><strong>Fors</strong></span> <span class='ocrx_word' id='word_1_157' title='bbox 200 1813 224 1859; x_wconf 82' lang='lat' dir='ltr'><strong>et</strong></span> <span class='ocrx_word' id='word_1_158' title='bbox 233 1813 287 1853; x_wconf 83' lang='lat' dir='ltr'><strong>vota</strong></span> <span class='ocrx_word' id='word_1_159' title='bbox 296 1804 357 1858; x_wconf 82' lang='lat' dir='ltr'><strong>iacit,</strong></span> <span class='ocrx_word' id='word_1_160' title='bbox 369 1803 514 1863; x_wconf 84' lang='lat' dir='ltr'><strong>cumulatque</strong></span> <span class='ocrx_word' id='word_1_161' title='bbox 524 1803 602 1850; x_wconf 83' lang='lat' dir='ltr'><strong>altaria</strong></span> <span class='ocrx_word' id='word_1_162' title='bbox 612 1803 686 1849; x_wconf 86' lang='lat' dir='ltr'><strong>donis.</strong></span> <span class='ocrx_word' id='word_1_163' title='bbox 766 1803 798 1847; x_wconf 80' lang='lat'><strong>50</strong></span> 
     </span>
     <span class='ocr_line' id='line_1_26' title="bbox 128 1866 781 1935; baseline -0.011 -15"><span class='ocrx_word' id='word_1_164' title='bbox 128 1871 182 1919; x_wconf 85' lang='lat' dir='ltr'><strong>Nos</strong></span> <span class='ocrx_word' id='word_1_165' title='bbox 187 1874 297 1935; x_wconf 72' lang='lat' dir='ltr'><strong>juvenem</strong></span> <span class='ocrx_word' id='word_1_166' title='bbox 308 1869 449 1930; x_wconf 52' lang='lat' dir='ltr'><strong>exanimum,</strong></span> <span class='ocrx_word' id='word_1_167' title='bbox 459 1875 483 1915; x_wconf 91' lang='lat' dir='ltr'><strong>et</strong></span> <span class='ocrx_word' id='word_1_168' title='bbox 494 1868 581 1930; x_wconf 86' lang='lat' dir='ltr'><strong>niljam</strong></span> <span class='ocrx_word' id='word_1_169' title='bbox 592 1867 723 1914; x_wconf 83' lang='lat' dir='ltr'><strong>coelestibus</strong></span> <span class='ocrx_word' id='word_1_170' title='bbox 733 1866 781 1913; x_wconf 85' lang='lat' dir='ltr'><strong>ullis</strong></span> 
     </span>
     <span class='ocr_line' id='line_1_27' title="bbox 126 1933 674 1990; baseline -0.015 -4"><span class='ocrx_word' id='word_1_171' title='bbox 126 1937 268 1990; x_wconf 79' lang='lat' dir='ltr'><strong>Debentem,</strong></span> <span class='ocrx_word' id='word_1_172' title='bbox 277 1951 337 1983; x_wconf 78' lang='lat' dir='ltr'><strong>rano</strong></span> <span class='ocrx_word' id='word_1_173' title='bbox 348 1934 424 1982; x_wconf 87' lang='lat' dir='ltr'><strong>moesti</strong></span> <span class='ocrx_word' id='word_1_174' title='bbox 435 1934 569 1980; x_wconf 89' lang='lat' dir='ltr'><strong>comitamur</strong></span> <span class='ocrx_word' id='word_1_175' title='bbox 578 1933 674 1979; x_wconf 85' lang='lat' dir='ltr'><strong>honore.</strong></span> 
     </span>
    </p>

    <p class='ocr_par' dir='ltr' id='par_1_13' title="bbox 130 1996 571 2057">
     <span class='ocr_line' id='line_1_28' title="bbox 130 1996 571 2057; baseline -0.014 -7"><span class='ocrx_word' id='word_1_176' title='bbox 130 2000 222 2057; x_wconf 77' lang='lat' dir='ltr'><strong>Infelix,</strong></span> <span class='ocrx_word' id='word_1_177' title='bbox 234 2002 282 2048; x_wconf 90' lang='lat' dir='ltr'><strong>nati</strong></span> <span class='ocrx_word' id='word_1_178' title='bbox 291 2000 359 2048; x_wconf 81' lang='lat' dir='ltr'><strong>sunus</strong></span> <span class='ocrx_word' id='word_1_179' title='bbox 370 1999 461 2046; x_wconf 87' lang='lat' dir='ltr'><strong>crudele</strong></span> <span class='ocrx_word' id='word_1_180' title='bbox 471 1996 571 2045; x_wconf 82' lang='lat' dir='ltr'><strong>videbis!</strong></span> 
     </span>
    </p>

    <p class='ocr_par' dir='ltr' id='par_1_14' title="bbox 130 2062 665 2126">
     <span class='ocr_line' id='line_1_29' title="bbox 130 2062 665 2126; baseline -0.013 -12"><span class='ocrx_word' id='word_1_181' title='bbox 130 2066 166 2114; x_wconf 89' lang='lat' dir='ltr'><strong>Hi</strong></span> <span class='ocrx_word' id='word_1_182' title='bbox 177 2067 249 2114; x_wconf 85' lang='lat' dir='ltr'><strong>nostri</strong></span> <span class='ocrx_word' id='word_1_183' title='bbox 259 2064 353 2119; x_wconf 72' lang='lat' dir='ltr'><strong>reditus:</strong></span> <span class='ocrx_word' id='word_1_184' title='bbox 361 2063 530 2126; x_wconf 78' lang='lat' dir='ltr'><strong>empeetrtique</strong></span> <span class='ocrx_word' id='word_1_185' title='bbox 539 2062 665 2123; x_wconf 76' lang='lat' dir='ltr'><strong>triumphi?</strong></span> 
     </span>
    </p>

    <p class='ocr_par' dir='ltr' id='par_1_15' title="bbox 130 2127 790 2386">
     <span class='ocr_line' id='line_1_30' title="bbox 130 2127 790 2193; baseline -0.005 -14"><span class='ocrx_word' id='word_1_186' title='bbox 130 2131 193 2179; x_wconf 81' lang='lat' dir='ltr'><strong>Haec</strong></span> <span class='ocrx_word' id='word_1_187' title='bbox 203 2145 255 2179; x_wconf 89' lang='lat' dir='ltr'><strong>mea</strong></span> <span class='ocrx_word' id='word_1_188' title='bbox 264 2129 428 2193; x_wconf 75' lang='lat' dir='ltr'><strong>magnsiidesi</strong></span> <span class='ocrx_word' id='word_1_189' title='bbox 445 2129 479 2175; x_wconf 89' lang='lat' dir='ltr'><strong>At</strong></span> <span class='ocrx_word' id='word_1_190' title='bbox 490 2143 542 2183; x_wconf 88' lang='lat' dir='ltr'><strong>non,</strong></span> <span class='ocrx_word' id='word_1_191' title='bbox 554 2127 672 2184; x_wconf 73' lang='lat' dir='ltr'><strong>Euandre,</strong></span> <span class='ocrx_word' id='word_1_192' title='bbox 682 2127 790 2190; x_wconf 79' lang='lat' dir='ltr'><strong>pudentis</strong></span> 
     </span>
     <span class='ocr_line' id='line_1_31' title="bbox 131 2193 747 2257; baseline -0.006 -12"><span class='ocrx_word' id='word_1_193' title='bbox 131 2195 270 2245; x_wconf 84' lang='lat' dir='ltr'><strong>Vulneribus</strong></span> <span class='ocrx_word' id='word_1_194' title='bbox 280 2195 370 2256; x_wconf 86' lang='lat' dir='ltr'><strong>pulsum</strong></span> <span class='ocrx_word' id='word_1_195' title='bbox 381 2194 504 2257; x_wconf 83' lang='lat' dir='ltr'><strong>adspicies:</strong></span> <span class='ocrx_word' id='word_1_196' title='bbox 525 2208 567 2240; x_wconf 86' lang='lat' dir='ltr'><strong>noc</strong></span> <span class='ocrx_word' id='word_1_197' title='bbox 578 2193 666 2255; x_wconf 83' lang='lat' dir='ltr'><strong>sospite</strong></span> <span class='ocrx_word' id='word_1_198' title='bbox 675 2194 747 2241; x_wconf 87' lang='lat' dir='ltr'><strong>dirum</strong></span> 
     </span>
     <span class='ocr_line' id='line_1_32' title="bbox 132 2257 738 2324; baseline -0.003 -16"><span class='ocrx_word' id='word_1_199' title='bbox 132 2261 228 2324; x_wconf 77' lang='lat' dir='ltr'><strong>Optabis</strong></span> <span class='ocrx_word' id='word_1_200' title='bbox 238 2267 292 2308; x_wconf 78' lang='lat' dir='ltr'><strong>nuto</strong></span> <span class='ocrx_word' id='word_1_201' title='bbox 302 2259 370 2308; x_wconf 81' lang='lat' dir='ltr'><strong>funus</strong></span> <span class='ocrx_word' id='word_1_202' title='bbox 381 2267 453 2323; x_wconf 88' lang='lat' dir='ltr'><strong>poter.</strong></span> <span class='ocrx_word' id='word_1_203' title='bbox 486 2257 535 2306; x_wconf 83' lang='lat' dir='ltr'><strong>Hei</strong></span> <span class='ocrx_word' id='word_1_204' title='bbox 545 2257 612 2310; x_wconf 86' lang='lat' dir='ltr'><strong>mihil</strong></span> <span class='ocrx_word' id='word_1_205' title='bbox 629 2267 738 2318; x_wconf 86' lang='lat' dir='ltr'><strong>quantum</strong></span> 
     </span>
     <span class='ocr_line' id='line_1_33' title="bbox 132 2322 747 2386; baseline -0.007 -11"><span class='ocrx_word' id='word_1_206' title='bbox 132 2326 268 2375; x_wconf 67' lang='lat' dir='ltr'><strong>Presidium</strong></span> <span class='ocrx_word' id='word_1_207' title='bbox 279 2325 389 2382; x_wconf 79' lang='lat' dir='ltr'><strong>Ausonia,</strong></span> <span class='ocrx_word' id='word_1_208' title='bbox 400 2332 425 2373; x_wconf 90' lang='lat' dir='ltr'><strong>et</strong></span> <span class='ocrx_word' id='word_1_209' title='bbox 435 2331 544 2385; x_wconf 89' lang='lat' dir='ltr'><strong>quantum</strong></span> <span class='ocrx_word' id='word_1_210' title='bbox 555 2330 581 2371; x_wconf 86' lang='lat' dir='ltr'><strong>tu</strong></span> <span class='ocrx_word' id='word_1_211' title='bbox 590 2323 674 2386; x_wconf 78' lang='lat' dir='ltr'><strong>perdis,</strong></span> <span class='ocrx_word' id='word_1_212' title='bbox 684 2322 747 2371; x_wconf 84' lang='lat' dir='ltr'><strong>Iule!</strong></span> 
     </span>
    </p>

    <p class='ocr_par' dir='ltr' id='par_1_16' title="bbox 131 2388 798 2708">
     <span class='ocr_line' id='line_1_34' title="bbox 167 2388 675 2449; baseline -0.002 -13"><span class='ocrx_word' id='word_1_213' title='bbox 167 2390 228 2437; x_wconf 87' lang='lat' dir='ltr'><strong>Hsec</strong></span> <span class='ocrx_word' id='word_1_214' title='bbox 239 2388 385 2444; x_wconf 78' lang='lat' dir='ltr'><strong>ubideflesit,</strong></span> <span class='ocrx_word' id='word_1_215' title='bbox 395 2390 445 2436; x_wconf 89' lang='lat' dir='ltr'><strong>tolli</strong></span> <span class='ocrx_word' id='word_1_216' title='bbox 455 2389 582 2437; x_wconf 86' lang='lat' dir='ltr'><strong>miserabile</strong></span> <span class='ocrx_word' id='word_1_217' title='bbox 591 2404 675 2449; x_wconf 85' lang='lat' dir='ltr'><strong>corpus</strong></span> 
     </span>
     <span class='ocr_line' id='line_1_35' title="bbox 131 2453 798 2517; baseline -0.006 -15"><span class='ocrx_word' id='word_1_218' title='bbox 131 2454 239 2517; x_wconf 87' lang='lat' dir='ltr'><strong>Imperat,</strong></span> <span class='ocrx_word' id='word_1_219' title='bbox 250 2461 274 2499; x_wconf 92' lang='lat' dir='ltr'><strong>et</strong></span> <span class='ocrx_word' id='word_1_220' title='bbox 284 2460 333 2500; x_wconf 92' lang='lat' dir='ltr'><strong>toto</strong></span> <span class='ocrx_word' id='word_1_221' title='bbox 342 2453 413 2501; x_wconf 85' lang='lat' dir='ltr'><strong>lectos</strong></span> <span class='ocrx_word' id='word_1_222' title='bbox 424 2469 454 2500; x_wconf 84' lang='lat' dir='ltr'><strong>ex</strong></span> <span class='ocrx_word' id='word_1_223' title='bbox 465 2454 555 2516; x_wconf 83' lang='lat' dir='ltr'><strong>agmine</strong></span> <span class='ocrx_word' id='word_1_224' title='bbox 565 2453 636 2499; x_wconf 89' lang='lat' dir='ltr'><strong>mittit</strong></span> <span class='ocrx_word' id='word_1_225' title='bbox 769 2453 798 2499; x_wconf 78' lang='lat'><strong>6⁰</strong></span> 
     </span>
     <span class='ocr_line' id='line_1_36' title="bbox 135 2519 749 2582; baseline -0.003 -15"><span class='ocrx_word' id='word_1_226' title='bbox 135 2519 203 2582; x_wconf 79' lang='lat' dir='ltr'><strong>Mille</strong></span> <span class='ocrx_word' id='word_1_227' title='bbox 214 2519 281 2571; x_wconf 80' lang='lat' dir='ltr'><strong>viros,</strong></span> <span class='ocrx_word' id='word_1_228' title='bbox 293 2519 331 2578; x_wconf 85' lang='lat' dir='ltr'><strong>qui</strong></span> <span class='ocrx_word' id='word_1_229' title='bbox 342 2533 471 2580; x_wconf 88' lang='lat' dir='ltr'><strong>supremum</strong></span> <span class='ocrx_word' id='word_1_230' title='bbox 482 2520 619 2565; x_wconf 84' lang='lat' dir='ltr'><strong>comitentur</strong></span> <span class='ocrx_word' id='word_1_231' title='bbox 630 2519 749 2576; x_wconf 86' lang='lat' dir='ltr'><strong>honorem,</strong></span> 
     </span>
     <span class='ocr_line' id='line_1_37' title="bbox 133 2581 685 2642; baseline 0.004 -15"><span class='ocrx_word' id='word_1_232' title='bbox 133 2581 288 2642; x_wconf 86' lang='lat' dir='ltr'><strong>Intersintque</strong></span> <span class='ocrx_word' id='word_1_233' title='bbox 298 2582 368 2641; x_wconf 85' lang='lat' dir='ltr'><strong>patris</strong></span> <span class='ocrx_word' id='word_1_234' title='bbox 378 2581 500 2642; x_wconf 79' lang='lat' dir='ltr'><strong>locrymis;</strong></span> <span class='ocrx_word' id='word_1_235' title='bbox 514 2584 598 2629; x_wconf 86' lang='lat' dir='ltr'><strong>solatia</strong></span> <span class='ocrx_word' id='word_1_236' title='bbox 607 2582 685 2629; x_wconf 78' lang='lat' dir='ltr'><strong>tuctus</strong></span> 
     </span>
     <span class='ocr_line' id='line_1_38' title="bbox 133 2645 658 2708; baseline 0 -16"><span class='ocrx_word' id='word_1_237' title='bbox 133 2645 228 2704; x_wconf 74' lang='lat' dir='ltr'><strong>Exigue</strong></span> <span class='ocrx_word' id='word_1_238' title='bbox 238 2645 345 2705; x_wconf 72' lang='lat' dir='ltr'><strong>ingentis.</strong></span> <span class='ocrx_word' id='word_1_239' title='bbox 355 2646 437 2692; x_wconf 86' lang='lat' dir='ltr'><strong>misero</strong></span> <span class='ocrx_word' id='word_1_240' title='bbox 448 2647 488 2693; x_wconf 86' lang='lat' dir='ltr'><strong>sed</strong></span> <span class='ocrx_word' id='word_1_241' title='bbox 499 2648 573 2694; x_wconf 79' lang='lat' dir='ltr'><strong>debita</strong></span> <span class='ocrx_word' id='word_1_242' title='bbox 582 2646 658 2708; x_wconf 74' lang='lat' dir='ltr'><strong>petri.</strong></span> 
     </span>
    </p>

    <p class='ocr_par' dir='ltr' id='par_1_17' title="bbox 133 2706 661 2774">
     <span class='ocr_line' id='line_1_39' title="bbox 133 2706 661 2774; baseline 0.006 -20"><span class='ocrx_word' id='word_1_243' title='bbox 133 2706 205 2755; x_wconf 83' lang='lat' dir='ltr'><strong>Haud</strong></span> <span class='ocrx_word' id='word_1_244' title='bbox 216 2723 298 2769; x_wconf 83' lang='lat' dir='ltr'><strong>segnes</strong></span> <span class='ocrx_word' id='word_1_245' title='bbox 309 2708 346 2755; x_wconf 84' lang='lat' dir='ltr'><strong>alii</strong></span> <span class='ocrx_word' id='word_1_246' title='bbox 356 2715 429 2758; x_wconf 87' lang='lat' dir='ltr'><strong>crates</strong></span> <span class='ocrx_word' id='word_1_247' title='bbox 440 2718 464 2758; x_wconf 85' lang='lat' dir='ltr'><strong>et</strong></span> <span class='ocrx_word' id='word_1_248' title='bbox 474 2712 544 2774; x_wconf 83' lang='lat' dir='ltr'><strong>molle</strong></span> <span class='ocrx_word' id='word_1_249' title='bbox 552 2710 661 2770; x_wconf 80' lang='lat' dir='ltr'><strong>feretrum</strong></span> 
     </span>
    </p>
   </div>
   <div class='ocr_carea' id='block_1_3' title="bbox 0 0 883 2925">
    <p class='ocr_par' dir='ltr' id='par_1_18' title="bbox 0 0 883 2925">
     <span class='ocr_line' id='line_1_40' title="bbox 0 0 883 2925; baseline 0 0"><span class='ocrx_word' id='word_1_250' title='bbox 0 0 883 2925; x_wconf 95' lang='lat' dir='ltr'><strong> </strong></span> 
     </span>
    </p>
   </div>
  </div>
 </body>
</html>
