1709 2925
126 95 173 139 180
323 86 488 138 AENEIDOS
504 88 558 137 Lu.
569 89 600 139 V.

124 220 244 275 Praeterea,
256 219 274 266 si
286 233 346 266 nona
356 220 415 266 diem
426 220 556 267 mortalibus
566 221 650 268 almum

124 287 215 335 Aurora
225 284 336 338 extulerit,
349 285 460 345 radiisque
470 285 577 332 retexerit
587 287 672 342 orbem,

124 351 202 400 Prima
209 350 260 397 citse
268 347 362 395 Teucris
372 364 455 410 ponam
466 351 589 396 certamina
599 350 692 398 clsssis:

124 415 215 477 Quique
225 414 306 476 pedum
318 429 385 460 cursu
395 414 462 468 valet,
473 421 497 461 et
508 414 546 475 qui
557 416 642 462 viribus
652 417 729 465 audax

122 481 173 528 Aut
178 479 255 542 jaculo
265 478 349 526 incedit
359 479 439 525 melior
449 479 579 541 levibusque
589 482 686 542 sagittis,

123 546 169 594 Seu
180 544 248 591 crudo
259 542 307 590 fidit
317 558 416 606 pugnam
427 545 569 592 committere
579 553 650 592 caestu
659 564 665 605 ;

123 608 207 659 Cuncti
216 609 295 663 adsint,
307 610 438 670 meritaeque
448 616 579 672 exspectent
589 612 683 672 praemia
693 612 785 675 palmae.

122 673 170 723 Ore
180 674 254 722 favete
264 689 350 729 omnes,
362 680 385 721 et
395 682 498 735 tempora
508 675 593 737 cingite
603 676 679 723 ramis.
761 682 789 725 '11

115 762 120 771 ·
155 738 193 787 Sic
203 739 270 795 fatus,
281 740 341 787 velat
351 737 453 786 materni
463 747 565 800 tempora
574 748 658 801 myrto.

122 803 178 852 Hoc
189 803 305 866 Helymus
314 803 375 858 facit,
386 804 429 850 boc
440 804 484 850 aevi
495 810 597 852 maturus
607 804 714 862 Acestes,

122 868 178 917 Hoc
188 885 243 934 puer
254 870 366 917 Ascanius
375 886 383 925 ς
400 869 500 928 sequitur
510 884 568 930 quos
578 878 661 918 caetm
670 873 752 934 pubes.

121 933 167 983 Ille
177 952 191 983 e
200 935 295 983 concilio
305 934 382 980 multis
392 949 444 980 cum
455 934 553 981 millibus
563 935 608 981 ibat

121 1001 161 1047 Ad
171 1000 288 1054 tumulum,
300 997 385 1059 magnai
394 999 481 1045 medius
492 1000 614 1046 comitante
624 999 725 1049 caterva

121 1062 171 1113 Hae
182 1065 227 1111 duo
238 1064 280 1110 rite
289 1078 352 1109 mero
363 1063 435 1110 libans
445 1064 558 1110 carchesia
567 1063 660 1112 Baccho

56 1178 61 1182 ,
121 1129 207 1177 Fundit
217 1128 287 1182 humi,
298 1128 342 1174 duo
352 1127 410 1174 laete
421 1143 489 1182 novo,
501 1128 545 1174 duo
556 1129 666 1191 sanguine
677 1146 761 1189 sacr03

120 1193 294 1256 Purpureosque
300 1192 357 1255 jacit
365 1192 441 1246 liores,
452 1208 479 1240 ac
490 1194 543 1240 talia
553 1192 622 1240 fatur:

121 1258 196 1313 Salve,
208 1266 284 1305 sancte
294 1272 381 1319 parens,
393 1260 488 1314 iterum3
508 1258 599 1314 salvete,
611 1260 695 1321 recepti
757 1266 794 1309 80

119 1322 280 1387 Nequidquam
291 1324 385 1379 cineres,
393 1323 519 1382 mimasque
530 1323 659 1385 umbraeque
669 1331 781 1387 paterne·

121 1387 178 1435 Non
188 1387 252 1434 licuit
262 1386 318 1434 fines
330 1385 407 1440 Italos,
418 1385 537 1447 fataliaque
548 1402 607 1443 arva,

120 1451 174 1501 Nec
185 1458 259 1501 tecum
268 1451 403 1510 Ausonium,
411 1452 546 1515 quicumque
556 1459 598 1509 est,
609 1469 711 1516 quaerere
722 1450 790 1520 'aty-

215 1518 281 1565 brim.

120 1582 219 1631 Dixerat
229 1583 293 1640 haec;
310 1584 383 1644 adytis
394 1600 445 1631 cum
457 1584 555 1632 lubricus
565 1586 646 1648 anguis
656 1587 685 1634 ab
695 1587 750 1635 imis

122 1649 214 1712 Septem
225 1650 305 1711 ingens
316 1665 394 1711 gyros,
405 1657 498 1712 septena
508 1651 631 1710 volumina,
642 1654 719 1707 traxit,

123 1714 248 1776 Amplexus
258 1713 344 1776 placide
354 1715 473 1771 tumulum,
484 1716 604 1778 lapsusque
613 1732 654 1778 per
663 1732 714 1765 aras
723 1735 731 1775 ς

121 1778 235 1829 Coeruleae
246 1779 283 1826 cui
293 1786 358 1842 terga
367 1788 436 1835 aotae,
447 1780 575 1828 maculosus
584 1789 608 1828 et
618 1797 673 1828 auro

121 1844 242 1907 Squamm
253 1845 384 1891 incendebat
392 1844 484 1907 fulgor:
503 1861 543 1892 ceu
556 1847 650 1894 nubibus
661 1862 728 1896 arcus

120 1909 190 1958 Mille
195 1911 252 1972 jacit
260 1911 334 1957 varios
344 1911 439 1957 adverso
450 1910 497 1956 sole
508 1911 602 1958 colores.

119 1974 242 2036 Obstupuit
253 1974 303 2023 visu
310 1974 404 2022 AEneas.
437 1973 486 2031 Ille,
498 1976 588 2038 agmine
599 1977 670 2039 longo
757 1983 789 2028 90

119 2038 222 2086 Tandem
233 2039 292 2087 inter
302 2047 390 2102 pateras
398 2045 421 2086 et
431 2039 490 2087 levia
499 2041 579 2103 pocula
589 2057 688 2103 serpens,

119 2101 255 2164 libavitque
265 2104 339 2167 dapes,
352 2120 473 2166 rursusque
483 2106 588 2152 innnrdus
599 2108 645 2154 imo

119 2167 235 2218 Successit
245 2169 338 2225 tumulo,
349 2176 373 2216 et
382 2169 475 2231 depasta
485 2170 564 2217 altaria
573 2171 645 2232 liquit.

118 2231 173 2280 Hoc
184 2233 257 2294 magis
267 2233 369 2297 inceptos
378 2235 476 2296 genitori
486 2235 595 2282 instaurat
605 2237 710 2292 honores,

117 2297 229 2351 Incestus,
242 2297 371 2345 Geniumnc
382 2299 433 2354 loci,
445 2299 595 2348 Famulumne
605 2304 704 2361 parentis

118 2362 179 2411 Esse
189 2368 265 2425 putet;
282 2363 349 2409 caedit
358 2363 422 2411 binas
433 2364 462 2411 de
472 2381 535 2412 more
545 2366 653 2420 bidentes,

45 2436 48 2442 ’
116 2426 207 2489 Totque
218 2443 276 2480 sues,
287 2425 381 2474 totidem
392 2428 509 2490 nigrantes
519 2437 584 2492 terga
589 2433 719 2493 juvencos3

69 2502 72 2507 ·
117 2490 223 2553 Vinaque
233 2491 339 2539 fundebat
349 2494 437 2554 pateris.
450 2495 590 2556 animamque
601 2498 696 2544 vocabat

116 2555 228 2607 Anchise
236 2559 320 2620 magni,
331 2556 460 2619 Manesque
470 2559 602 2607 Acheronte
616 2563 729 2612 remissos.

116 2618 215 2670 Necnon
224 2629 248 2671 et
259 2622 321 2680 socii,
331 2637 383 2685 quae
393 2624 474 2684 cuique
485 2631 520 2671 est
531 2626 601 2688 copia,
612 2625 658 2672 laeti
738 2630 792 2678 100.
