1709 2925
241 121 406 172 maumas
423 120 536 171 amru.
665 127 718 191 ,1⁷1

44 253 84 303 he
94 255 166 311 dam,
179 260 203 301 et
213 253 298 315 Tyrios
307 251 507 315 desertiquaerere
517 251 590 300 terri:

45 319 206 368 Eumenidum
217 320 289 366 ueluti
299 320 392 366 demens
402 321 465 367 videt
474 320 567 381 agmina
578 318 701 375 Pentheus,

47 385 81 435 Et
91 387 166 434 solem
178 386 302 447 geminum,
311 392 335 431 et
342 385 443 447 duplices
453 399 479 431 se
488 386 607 431 ostendere
614 383 719 441 Theben

7 458 13 462 '
48 450 97 498 Aut
108 451 311 514 Agamemnonius
321 451 394 496 scenis
404 451 503 513 agitatus
514 449 614 505 Orestes,
671 452 718 499 471

50 515 172 563 Armatam
182 515 269 562 facibus
279 522 374 561 matrem
385 522 410 561 et
419 516 559 576 serpentibus
570 518 624 563 atris

52 579 111 628 Cum
120 581 192 643 fugit,
203 578 339 640 ultricesque
350 580 429 627 sedent
439 581 463 626 in
473 581 552 626 limine
562 579 636 628 Dirae.

82 646 158 709 Ergo,
170 647 208 692 ubi
220 646 323 707 concepit
332 645 401 692 furias
409 647 485 692 evicta
495 645 579 702 dolore,

52 710 209 772 Decrevitque
218 711 283 765 mori,
295 719 384 773 tempus
394 725 472 758 aecum
482 711 531 772 ipsa
541 711 678 772 modumque

52 775 140 838 Exigit,
152 783 183 830 et,
195 782 301 822 moestum
311 776 377 822 dictis
387 790 496 838 aggressa
506 790 613 828 sororem,

55 839 181 889 Consilium
192 841 258 888 vultu
268 841 334 903 tegit,
345 856 372 887 ac
383 856 447 902 spem
456 839 533 887 fronte
543 846 645 887 serenat:
696 842 700 853 ”

32 938 36 943 «
54 904 142 962 Inveni,
154 920 269 968 gennesa,
280 907 340 953 viam
354 908 454 969 (gratare
465 904 556 966 sorori),

54 972 114 1026 Quae
124 973 181 1018 mihi
192 972 272 1018 reddat'
280 986 340 1025 eum,
351 971 389 1017 vel
398 987 426 1018 eo
437 986 475 1017 me
486 971 559 1019 solvat
568 976 689 1017 amantem.

53 1037 138 1084 Oceani
148 1036 218 1083 finem
225 1038 298 1098 juxta,
310 1036 427 1097 solemque
436 1036 560 1090 cadentem,
673 1038 724 1083 480

55 1101 156 1149 Ultimus
167 1101 303 1163 AEthiopum
313 1101 377 1147 locus
387 1109 428 1156 est,
440 1103 478 1147 ubi
489 1102 600 1149 maximus
610 1101 679 1148 Atlas

52 1167 129 1214 Axem
139 1168 236 1213 humero
245 1173 336 1227 torquet
347 1166 417 1213 stellis
427 1167 555 1213 ardentibus
566 1173 659 1228 optuma
734 1180 739 1199 ¹

55 1232 118 1279 Hinc
128 1233 185 1278 mibi
196 1231 309 1292 Massylae
319 1233 396 1292 gentis
405 1240 531 1278 monstrata
541 1233 653 1288 sacerdos,

54 1296 208 1360 Hesperidum
219 1297 297 1359 templi
308 1306 391 1352 custos,
403 1297 524 1359 epulasque
533 1298 626 1345 draconi

53 1362 115 1416 Quae
124 1363 197 1416 dabat,
208 1370 232 1408 et
243 1377 318 1408 meros
328 1363 431 1409 servabat
440 1363 464 1408 in
475 1363 554 1409 arbore
564 1376 646 1417 muros,

53 1427 169 1491 spargens
179 1427 271 1475 humida
280 1427 350 1474 mella
358 1426 551 1490 soporiferumque
560 1442 666 1490 papaver.

53 1493 116 1541 Haec
126 1509 151 1540 ae
162 1493 298 1539 carminibus
307 1494 419 1555 promittit
429 1493 517 1540 solvere
528 1503 624 1551 mentes,

53 1560 121 1614 Quas
129 1558 200 1615 velit3
218 1566 253 1605 ast
264 1559 313 1605 aliis
323 1559 391 1605 duras
401 1559 523 1605 immittere
533 1572 612 1613 curas;

53 1625 138 1672 Sistere
148 1638 228 1685 equam
240 1622 322 1677 fluviis,
334 1631 357 1669 et
368 1631 458 1671 vertere
468 1624 541 1670 sidera
550 1630 611 1670 retro
617 1639 627 1680 ;

53 1690 230 1749 Nocturnosque
240 1689 285 1735 ciet
295 1687 393 1745 Manes3
410 1690 500 1751 mugire
509 1689 595 1735 ridebis
674 1690 724 1734 490

53 1756 102 1803 Sub
112 1755 204 1817 pedibus
215 1763 304 1808 terram,
316 1760 340 1799 et
350 1754 487 1800 descendere
497 1754 612 1800 montibus
622 1766 700 1800 ornos

50 1819 144 1875 Testor,
155 1834 215 1876 cara,
226 1817 301 1874 Deos,
311 1825 335 1864 et
344 1825 374 1873 te,
386 1833 501 1880 germana,
512 1826 622 1878 tuumque

53 1886 130 1934 Dulce
141 1892 214 1947 caput,
225 1884 326 1946 magicas
335 1884 431 1931 inuitam
441 1884 554 1945 accingier
564 1888 633 1928 artes.

52 1950 91 1999 Tu
102 1957 188 1998 secreta
197 1964 277 2011 pyram
288 1955 349 1996 tecto
359 1949 467 1997 interiore
477 1948 519 1994 sub
529 1962 594 1994 auras

54 2016 133 2079 Erige,
145 2023 169 2062 et
179 2029 241 2062 arma
251 2014 301 2070 siri,
313 2014 412 2061 thalamo
422 2028 475 2075 quse
485 2012 531 2059 fixa
541 2013 632 2073 reliquit

53 2081 147 2144 Impius,
158 2080 296 2141 exuviasque
307 2095 393 2136 omnes,
403 2080 534 2139 lectumque
539 2078 649 2141 Jugalem,

54 2148 109 2201 Quo
119 2146 181 2209 perii,
193 2147 369 2207 superimponas.
397 2144 497 2191 Abolere
508 2143 598 2190 nefandi

55 2210 144 2260 Cuncta
154 2211 197 2257 viri
207 2212 347 2258 monimenta
352 2211 418 2273 Jubet
428 2216 583 2270 monstratque
594 2210 706 2258 sacerdos.

54 2276 116 2325 Haec
127 2275 193 2323 effata
203 2276 269 2333 silet;
285 2275 361 2339 pallor*
368 2276 435 2322 simul
446 2282 541 2337 occupat
553 2290 599 2322 ora.

52 2341 109 2390 Non
119 2348 195 2388 umen
206 2340 277 2387 Anna
288 2341 353 2389 novis
363 2348 489 2403 praetexere
498 2342 579 2387 sunm
588 2342 658 2390 sacris

56 2408 193 2455 Germanum
205 2407 282 2460 credit,
294 2419 336 2453 nec
347 2411 424 2453 tantos
434 2415 512 2453 mente
522 2405 610 2451 furores
673 2406 719 2450 501

55 2470 166 2533 Concipit,
177 2479 217 2518 aut
226 2472 332 2533 graviora
342 2472 413 2527 timet,
422 2487 489 2532 quam
500 2478 574 2517 morte
586 2467 685 2528 Sychaei.

52 2534 118 2600 Ergo
125 2538 188 2598 jussa
198 2544 269 2598 parat.

84 2604 120 2650 At
130 2602 214 2664 regina,
225 2598 284 2663 pyris
293 2602 403 2664 penetrali
413 2601 438 2646 in
448 2601 503 2647 sede
513 2599 555 2645 sub
566 2608 632 2658 auras

55 2665 140 2717 areca
149 2667 236 2730 ingenti
246 2666 312 2715 tedis
322 2674 390 2728 atque
399 2667 451 2714 ilice
461 2662 530 2717 scotti,
