1709 2925
215 166 383 219 AEnutnos
396 167 451 217 In.
462 168 498 219 X.
646 176 695 224 ³15

6 296 259 352 Haeseraffluandrs,
269 305 338 360 atque
349 296 408 346 Itall
417 300 550 349 mnsedem
560 302 622 352 urbe.
644 307 696 354 '280

8 365 135 412 Sternitur
145 364 227 412 infelix
238 365 313 411 alieno
323 364 423 419 vulnere,
435 366 564 428 coelumqus

8 429 131 492 Adspicit,
144 437 170 476 et
180 429 258 477 duloea
267 429 367 476 moriens
379 430 529 478 reminiscitur
540 435 627 496 Argoa,

7 494 74 542 Tum
86 496 143 557 pins
155 495 243 542 AEasas
253 496 339 541 hastam
346 495 419 556 jacit:
439 495 477 542 illa
487 511 527 557 per
538 499 615 545 orbem

8 560 70 606 AEre
81 575 169 607 cavum
182 559 269 622 triplici,
281 574 321 622 per
330 560 391 606 linea
400 567 473 621 terga,
485 562 600 623 tribusque

9 624 120 672 Transiit
129 626 244 671 intextum
256 625 326 671 tauris
338 640 402 687 opus,
412 625 503 687 imaque
513 628 570 673 sedit

10 688 117 752 Inguine
126 708 134 747 ;
154 689 193 735 sed
204 691 264 736 vires
274 690 333 736 haud
343 690 442 752 pertulit
474 689 555 752 Ocyus
564 707 644 741 ensem

12 755 113 810 AEness,
126 755 178 801 vlso
188 753 302 816 Tyrrheni
314 756 425 817 sanguine
435 755 508 810 latus,

10 819 91 882 Eripit
103 836 117 866 a
128 819 222 874 femore,
233 827 258 867 et
267 820 386 882 trepidanti
396 818 497 867 feruidus
506 821 582 868 instat.

11 884 137 948 Ingemuit
148 886 194 932 cari
204 886 305 948 graviter
314 886 426 947 genitoris
436 900 519 939 amore,

14 950 50 997 Ut
61 950 128 1005 vidit,
141 949 249 1007 Lausus3
266 951 417 1011 lacrymaeque
427 966 468 1012 per
478 967 518 998 ora
528 953 621 1000 volutae.
640 956 696 1002 790

14 1014 64 1062 Hi'c
75 1017 160 1062 mortis
170 1016 233 1062 dnrae
244 1031 327 1070 casum,
340 1024 422 1077 tuaque
433 1017 517 1078 optima
526 1016 593 1073 sacta,

15 1079 40 1127 si
52 1078 179 1142 quandem
190 1088 255 1127 tanto
266 1088 301 1128 est
312 1082 373 1143 operi
384 1082 457 1127 latura
467 1090 574 1138 vetustas,

15 1145 72 1192 Non
84 1146 198 1205 equidem,
209 1161 251 1192 nee
263 1153 292 1201 te,
305 1147 398 1209 juvenis
408 1147 559 1202 memorande,
572 1149 649 1196 silebo.

15 1209 59 1257 Ille
69 1211 153 1273 pedem
165 1210 269 1265 referens,
281 1219 305 1257 et
314 1211 406 1265 inutilis,
417 1212 487 1272 inque
496 1212 586 1274 ligatus,
695 1244 699 1253 ·

17 1274 129 1330 cedebat,
140 1275 266 1337 clypeoque
275 1277 391 1323 inimicum
402 1276 483 1323 hastile
493 1279 601 1326 trahebat.

15 1338 127 1402 Prorupit
132 1341 232 1403 juvenis,
244 1356 337 1403 seseque
347 1341 471 1388 immiscuit
480 1342 563 1400 annis3
695 1337 699 1343 ’

16 1404 117 1468 Jamque
129 1407 268 1469 assurgentis
280 1403 359 1453 dextri
369 1407 504 1469 plagamque
513 1407 608 1456 serentis

17 1470 105 1519 AEnese
115 1472 182 1519 sublit
193 1487 330 1527 mucronem,
342 1473 461 1535 ipsumque
470 1475 580 1523 morando

18 1535 148 1593 Sustlnuit3
166 1538 221 1598 socii
232 1551 315 1599 magno
326 1538 424 1585 clamore
435 1547 572 1600 sequunturt

17 1600 84 1648 Dum
96 1603 187 1665 genitor
196 1603 244 1649 nati
254 1601 334 1664 parmi
343 1611 460 1665 protectus
470 1606 555 1662 abiret;
639 1610 696 1655 800

17 1663 120 1727 Telaque
131 1667 261 1729 conjiciunt,
271 1669 448 1730 proturbantque
458 1671 547 1716 eminus
557 1671 647 1719 hostem

17 1731 153 1780 Missilibus.
186 1731 252 1780 Furit
261 1734 359 1788 AEneasr
368 1740 485 1794 tectusque
496 1741 560 1781 tenet
570 1751 602 1783 sc.

18 1797 56 1844 Ac
66 1798 136 1853 velut
148 1796 219 1845 effusi
230 1799 248 1845 si
259 1800 349 1859 quando
360 1799 470 1862 grandine
481 1799 550 1845 nimbi

18 1862 171 1925 Praecipitant,
182 1864 257 1910 omnis
268 1865 352 1926 campis
363 1863 454 1925 niffirgit
463 1873 545 1919 arator,

19 1928 101 1975 Omnis
111 1935 135 1974 et
145 1928 258 1991 agricola3
276 1936 299 1976 et
309 1927 359 1976 tuti
368 1929 425 1975 latet
435 1943 487 1975 arce
497 1928 577 1985 viator,

19 1992 69 2041 Aut
79 1994 151 2040 amnis
162 1994 222 2056 ripis,
233 2001 273 2041 aut
282 1994 322 2041 alti
333 1993 420 2041 fornice
431 1994 486 2049 saxi,

18 2054 84 2106 Dum
95 2059 151 2121 pluit
161 2059 185 2104 in
196 2059 277 2116 terris3
293 2066 320 2106 ut
329 2059 423 2122 possint,
435 2059 485 2105 sole
495 2059 595 2116 reducto,

18 2121 133 2171 Exercere
143 2123 214 2171 diem=
235 2124 267 2170 sic
276 2125 369 2171 obrutus
380 2124 479 2185 undique
489 2124 541 2171 telis
694 2124 696 2128 ’

18 2187 105 2235 AEneas
116 2189 196 2235 nubem
207 2189 266 2243 beni,
277 2190 330 2236 dum
342 2189 442 2244 detonet,
454 2204 544 2237 ornnem
618 2219 619 2222 =

19 2254 126 2308 susurret
137 2260 159 2300 et
168 2252 268 2301 Lausum
277 2256 404 2317 increpitet,
415 2253 538 2317 Isumque
547 2256 661 2304 minaturr

20 2319 80 2373 Quo,
92 2319 204 2373 moriture,
216 2319 269 2375 ruis,
281 2320 410 2383 majoraque
419 2320 506 2368 viribus
517 2322 603 2369 audes?
636 2325 681 2368 811

20 2382 88 2431 Fallit
99 2391 121 2430 te
130 2385 244 2431 incautum
255 2386 328 2447 pietas
339 2392 385 2432 tua.
417 2385 470 2432 Nec
480 2386 555 2433 minus
566 2386 604 2433 ille

20 2447 126 2498 Exsultat
135 2449 242 2497 demens:
263 2466 332 2497 saevae
338 2451 432 2513 jamque
442 2451 509 2498 altius
519 2452 560 2497 irae

21 2512 136 2561 Dardanio
146 2523 243 2577 surgunt
253 2517 347 2570 ductori,
359 2523 505 2575 extremaque
517 2515 593 2561 lauro
622 2547 624 2550 v

23 2577 101 2638 Paroae
111 2579 147 2627 fils
156 2576 249 2641 legunt:
268 2581 368 2628 validum
380 2595 478 2641 namque
486 2580 559 2641 exigit
568 2591 647 2624 ensem

21 2642 67 2691 Per
76 2645 170 2697 medium
182 2645 394 2708 AEnessJ'urenem
406 2652 524 2705 totumque
534 2642 644 2689 recondit.

21 2697 118 2759 Transiit
127 2718 150 2758 et
159 2725 259 2775 pomam
270 2726 359 2770 mucro,
369 2710 429 2758 levis
440 2723 503 2760 arm
512 2706 615 2765 minacis,
690 2743 693 2747 .
