1709 2925
227 83 413 159 'muninus
431 96 548 147 unm,
583 62 585 71 ⁴
683 105 730 151 ras

22 286 28 295 Ι
63 232 101 279 Ad
111 231 195 278 eoelum
207 245 260 276 curn
271 245 329 276 voce
338 245 426 285 manus,
438 237 461 277 et
471 244 566 276 munera
574 229 621 278 lrho

64 296 201 344 Intemerata
210 294 276 341 focis.
308 294 413 341 Perfecto
423 294 491 340 laetus
501 295 588 341 honore

64 362 179 409 Anchisen
190 359 249 406 facio
261 366 355 413 certum,
367 373 459 419 remque
470 359 549 406 ordine
558 360 640 422 pando.
723 350 726 363 ⁶

65 426 168 488 Agnovit
177 425 266 487 prolem
277 425 410 486 ambiguam,
422 423 570 486 geminosque
579 434 699 487 parentes3

65 491 137 552 Seque
148 505 209 537 novo
221 497 324 536 veterum
336 489 453 550 deceptum
464 503 540 536 errore
550 491 659 539 iocunrm.
685 494 729 539 181

14 571 16 574 ’
65 554 123 602 Tum
134 562 259 602 memorat:
280 552 348 609 Nate,
361 551 437 600 Iliacis
448 554 546 600 exercite
556 553 615 612 fatis,

67 621 119 667 sota
128 614 184 666 mihi
195 619 253 666 tales
264 633 329 665 casus
341 616 469 666 Cassandra
479 619 578 665 canebat.

64 683 133 741 Nunc
145 696 230 746 repeto,
242 685 292 730 hae'c
299 684 377 745 generi
387 683 523 746 portendere
533 684 606 731 debita
616 691 708 747 uostro;

67 749 99 796 Et
109 765 169 812 saepe
181 748 325 810 Hesperiam,
337 764 397 810 saepe
409 747 467 795 Itala
477 763 548 810 regna
557 764 645 797 vocure.

68 815 111 862 Sed
121 816 171 876 quis
181 815 211 861 sd
224 812 344 876 Hesperiae
354 820 463 861 venturos
474 813 540 860 litora
551 811 652 862 Teucros

69 877 193 927 Crederet?
211 886 250 926 sut
261 894 327 940 quern
338 886 386 925 tum
398 887 464 926 vates
475 877 601 926 Cassandra
613 874 734 927 moveret?

68 942 179 992 Cedamus
191 943 287 997 Phoebo,
299 955 322 990 et
332 945 412 991 moniti
422 945 516 991 meliora
527 959 652 1006 sequamur.
704 994 705 997 ,

69 1009 104 1056 Sic
115 1011 159 1057 uit:
179 1018 203 1056 et
214 1009 290 1056 cuncti
301 1010 361 1057 dicto
371 1022 475 1073 paremus
486 1018 587 1073 ovantes.
686 1004 735 1059 189

69 1073 135 1122 Hanc
145 1088 236 1136 quoque
247 1075 370 1121 deserimus
381 1074 472 1131 sedem3
483 1077 605 1135 paucisque
616 1074 705 1131 relictis,

69 1138 125 1187 Vela
135 1138 222 1193 damus,
233 1147 368 1200 vastumque
378 1137 434 1186 cavd
445 1140 507 1186 trahe
517 1141 627 1188 currimus
638 1156 724 1202 aequor.

99 1205 223 1266 Postquam
240 1205 310 1251 situm
326 1202 420 1251 tenuere
436 1211 501 1260 rates,
517 1219 560 1251 nec
574 1207 622 1269 jaun
639 1206 736 1267 amplius

162 1270 217 1316 uliae
794 1309 798 1325 ,

69 1333 184 1396 Apparent
195 1342 270 1387 terme,
282 1333 365 1380 coelum
377 1331 475 1395 undique
485 1341 508 1380 et
520 1334 617 1396 undique
626 1341 727 1396 pontus;

69 1398 127 1445 Tum
138 1400 193 1445 mihi
205 1399 319 1446 coeruleus
330 1414 396 1460 supra
407 1406 475 1461 ceput
485 1400 570 1446 adstitit
580 1400 656 1457 imber,

69 1462 166 1522 Noctem
178 1466 321 1526 hiememque
330 1462 406 1512 ferens
413 1482 422 1524 3
440 1472 463 1511 et
475 1465 586 1513 inhorruit
599 1466 660 1514 undu
670 1473 739 1522 tenea,

161 1530 217 1576 hris.

70 1593 184 1643 Continuo
194 1594 258 1641 venti
268 1595 365 1641 volvunt
371 1594 440 1649 mare,
452 1610 580 1672 magnaque
591 1603 689 1660 surgunt

70 1660 187 1723 AEquora3
205 1659 297 1722 dispersi
310 1661 422 1723 jactamur
433 1669 525 1723 gurgite
535 1670 607 1708 vasto.

71 1723 191 1773 lnv'ulvdre
201 1723 260 1771 diem
272 1726 348 1780 nimbi,
360 1733 383 1772 et
393 1740 441 1772 nox
451 1726 543 1772 humida
552 1727 637 1773 coelum

70 1791 168 1838 Abstulit
177 1808 184 1848 ;
201 1790 344 1852 ingeminant
354 1790 453 1852 abruptis
463 1790 558 1837 nubibus
567 1792 642 1852 ignes.

70 1853 205 1903 Excutimur
216 1862 289 1914 cursu,
301 1863 325 1902 et
335 1856 402 1902 caecis
413 1865 514 1902 erramus
524 1855 548 1900 in
559 1854 634 1901 undis.
688 1856 739 1902 im

70 1919 120 1983 Ipse
130 1923 190 1968 diem
202 1921 338 1981 noctemque
349 1927 418 1982 negat
429 1920 555 1965 discernere
565 1919 632 1973 coelo,

70 1985 118 2033 Nec
128 1986 261 2033 meminisse
270 1986 315 2033 viae
322 1983 396 2032 medii
407 1983 529 2031 Palinurus
539 1984 562 2029 in
571 1983 638 2033 undd.

70 2039 126 2098 ires
136 2052 194 2098 adeo
205 2051 303 2098 incertos
314 2050 375 2097 caecd
386 2050 483 2113 caligine
494 2049 553 2096 soles

70 2115 178 2164 Erramus
185 2116 283 2178 pelag03
300 2117 395 2166 totidem
406 2116 456 2161 sine
466 2114 539 2161 sidere
549 2121 635 2163 noctes,

71 2181 157 2236 Quuarto
168 2180 229 2228 terra
238 2179 276 2227 die
286 2182 382 2243 primum
394 2195 419 2227 se
429 2179 532 2227 attollere
542 2181 632 2228 tandem

70 2244 130 2301 Visa,
143 2246 230 2307 aperire
241 2245 319 2307 procul
330 2254 427 2303 montes,
439 2262 466 2292 ac
476 2246 568 2293 volvere
577 2243 674 2295 fumum.

71 2309 127 2358 Vela
141 2312 242 2367 cadunt3
260 2312 328 2357 remis
339 2312 492 2376 insurgimus3
509 2311 569 2358 haud
579 2327 651 2370 mom,
662 2315 739 2359 nautae

10 2380 16 2385 ’
71 2377 153 2424 Adnixi
165 2377 272 2437 torquent
283 2392 379 2440 spumas,
391 2383 415 2422 et
425 2377 511 2422 coerula
521 2384 621 2423 verrunt.

72 2441 190 2489 Servatum
202 2455 231 2488 ex
243 2441 308 2487 undis
321 2441 470 2503 Strophadum
483 2457 520 2487 me
531 2442 596 2487 litora
605 2441 704 2502 primurn
739 2483 743 2488 .

71 2507 206 2569 Accipiunt:
228 2505 363 2569 Strophades
376 2507 448 2554 Graio
459 2512 520 2552 stant
530 2505 622 2552 nomine
633 2504 707 2559 dictae,

72 2569 155 2638 Insulae
167 2570 235 2618 Ionio
247 2572 269 2617 in
281 2587 379 2633 magno;
396 2587 451 2632 quas
463 2571 510 2615 dira
522 2566 623 2620 Ceiaeno,
691 2568 744 2622 211

73 2635 228 2701 Hupyiaeque
238 2637 316 2684 colunt
327 2637 384 2692 uliae,
397 2635 495 2683 Phineia
504 2638 622 2693 postquam
680 2660 686 2668 ,
