1709 2925
201 137 519 190 unonumn.n12.111
664 149 697 194 ω

40 268 183 332 Gangaridum
193 269 283 327 inciam,
294 270 430 334 victorisque
440 285 502 318 arma
513 270 621 331 Quirini3

39 332 105 395 Atque
114 337 150 382 hic
160 337 284 384 undantem
294 336 353 382 bello
363 349 517 398 magumque
527 337 634 385 fluentem

39 396 114 455 Nilum,
125 416 152 447 ue
162 402 238 449 nuvuli
249 409 368 463 surgentes
379 413 425 447 oere
435 402 560 449 columnus.
663 407 695 454 29

38 462 115 512 Addam
127 468 193 513 urbes
204 466 269 512 Asiae
279 466 382 521 domitas,
392 466 526 529 pulsumque
537 467 662 530 Niphaten,

38 524 190 592 lidentetnque
199 529 257 592 fugi
267 530 377 577 Parthum
387 532 503 593 versisque
513 533 609 593 sagittis,

38 591 64 639 Et
73 595 115 642 luo
125 605 190 658 rupte
200 610 269 641 manu
280 596 369 644 diverso
379 609 409 643 ex
419 596 485 643 hoste
494 606 587 659 tropaea,

37 655 111 720 Bisque
120 661 270 723 triumphatus
280 668 375 722 utruque
385 662 412 707 ah
421 662 489 707 litore
499 670 587 722 gentes.

38 722 122 773 Stabunt
132 733 156 772 et
166 725 229 773 Parii
239 723 330 786 lapides,
342 726 448 787 spirantia
459 726 530 788 signa,

37 788 131 838 Assaraci
141 791 225 854 proles,
236 790 384 851 demfflaeque
394 792 422 836 ab
430 789 491 839 Jove
501 790 577 851 gentis

37 851 131 909 Numina.
147 853 254 916 Trosque
263 870 350 917 parens,
361 863 386 902 et
395 854 474 918 Trojae
485 853 600 915 Cynthius
610 863 695 904 auctor.

37 914 113 968 luridis
124 920 204 967 infelix
214 919 296 967 Furias
307 935 442 980 amnemque
452 935 556 967 severum

38 979 108 1045 Cocyti
120 993 214 1041 metuet,
225 992 343 1046 tonosque
356 983 444 1032 hinnis
454 1000 549 1048 angues,

37 1043 198 1112 Inmunemque
209 1057 288 1106 rotam,
300 1060 324 1097 et
333 1066 379 1097 nnn
390 1051 544 1113 exsuperabile
554 1065 641 1099 saxum.

36 1109 114 1163 luteres
126 1115 248 1177 Dryadum
259 1116 328 1162 silves
338 1116 452 1177 saltusque
461 1131 580 1177 sequamur
660 1120 695 1165 40

36 1175 133 1237 lnuctos,
144 1191 191 1235 tua,
203 1180 328 1237 Maecenas,
340 1181 398 1227 haud
409 1181 486 1227 mollia
491 1183 563 1243 J'ussa.

36 1240 118 1293 Tesine
128 1245 161 1292 nil
171 1246 243 1293 altum
254 1260 319 1292 mens
330 1241 428 1293 inchoat.
461 1245 507 1301 En,
518 1261 569 1307 age,
580 1261 663 1308 segnes

36 1305 116 1372 Rumpe
124 1325 216 1368 moras;
232 1319 301 1366 voest
309 1312 398 1373 ingenti
408 1311 507 1358 clamore
518 1309 642 1368 citheron,

36 1370 168 1438 Taygetique
178 1389 253 1431 canes,
265 1376 415 1437 domitrixque
425 1376 553 1440 Epidaurus
561 1391 669 1438 equorum
675 1394 685 1437 ς

35 1435 63 1486 n
71 1455 114 1489 uox
124 1456 219 1490 assensu
229 1456 348 1489 nemorum
358 1442 497 1504 ingeminata
507 1444 613 1506 remugit.

36 1502 87 1552 Mox
95 1515 171 1555 tamen
181 1507 287 1554 ardentes
298 1508 403 1569 accinget
413 1508 488 1555 (licere
497 1523 587 1571 pugnas

36 1567 131 1628 Cessris,
141 1579 166 1619 et
176 1587 260 1620 nomen
270 1571 331 1618 fumi
342 1579 377 1619 tot
386 1571 445 1620 ferre
455 1589 496 1636 per
506 1588 585 1631 annes,

35 1631 116 1684 'lithunl
126 1636 200 1701 primi
210 1644 266 1698 quot
276 1638 340 1685 abest
348 1638 377 1684 ab
387 1639 476 1701 origine
487 1637 574 1688 caesar.

62 1701 103 1749 Seu
112 1704 170 1764 quis,
181 1702 325 1765 olympiacae
335 1704 432 1759 miratus
439 1705 533 1766 praemia
542 1703 634 1765 palma,

35 1762 102 1813 Pascit
111 1783 187 1830 equm,
198 1782 239 1815 seu
250 1768 301 1829 quis
310 1766 380 1815 fortes
391 1769 420 1815 ud
429 1778 503 1816 aratra
509 1770 629 1830 juvencos,
662 1769 695 1816 50

36 1827 126 1893 Corpora
134 1832 248 1895 praeuipue
258 1841 355 1880 mutmm
366 1834 436 1896 legat.
467 1833 561 1893 Optima
571 1839 643 1879 torvae

35 1891 109 1944 Forma
118 1898 189 1953 bovis,
200 1898 241 1944 cui
247 1905 313 1959 turpe
320 1907 394 1962 caput,
405 1899 443 1944 cui
453 1897 550 1960 plurima
559 1898 645 1957 cervix,

35 1957 63 2007 Et
72 1977 157 2010 crurum
168 1970 235 2010 tenus
246 1976 260 2009 a
270 1970 348 2009 mento
358 1963 456 2025 palearia
466 1962 565 2024 pendent
570 1979 579 2022 3

34 2021 87 2073 'l'mn
96 2028 164 2090 longo
175 2027 251 2074 nullus
260 2028 325 2075 lateri
336 2028 431 2076 modus:
450 2028 526 2074 omniu
535 2042 626 2090 magna,

35 2087 74 2137 Pes
83 2094 162 2151 etiam;
178 2101 203 2138 et
213 2093 310 2139 camuris
320 2092 387 2139 hirtae
398 2093 440 2140 sub
450 2092 555 2139 cornibus
565 2108 638 2141 aures.

35 2151 78 2202 Nee
87 2158 140 2205 mihi
150 2158 267 2219 displicem
276 2158 371 2204 maculis
380 2158 477 2220 insignis
487 2165 511 2204 et
521 2158 577 2214 sibu,

35 2221 76 2267 Aut
82 2222 137 2285 juge
146 2222 289 2280 durentans3
306 2222 465 2283 interdumque
475 2238 554 2285 usperu
564 2238 642 2279 cornu,

35 2281 63 2331 Et
69 2285 146 2334 faciem
156 2294 222 2334 tauro
231 2287 338 2350 propior3
354 2303 450 2348 quaeque
460 2288 530 2337 ardna
538 2295 594 2344 tota,

34 2346 63 2396 Et
70 2352 169 2413 grediens
179 2349 226 2398 imi
236 2352 306 2399 verrit
316 2352 413 2414 vestigia
422 2351 499 2398 esunt

36 2413 94 2463 AEtas
104 2416 213 2465 Lucinam
219 2417 341 2479 justosque
349 2418 396 2479 pati
406 2417 539 2477 hymenaeus
662 2412 695 2453 ⁶0

37 2477 117 2529 Desinit
127 2493 179 2530 ante
190 2481 277 2535 decem,
288 2488 340 2543 post
350 2488 457 2541 quattuor
466 2480 545 2540 incipit
555 2487 642 2523 annos:

37 2542 115 2595 cetera
124 2563 166 2595 nee
176 2546 259 2594 feturae
268 2546 355 2599 habilis,
366 2561 409 2592 nee
418 2544 485 2592 fortis
495 2541 583 2588 aratris.

36 2607 121 2667 lim»
132 2618 223 2675 superat
233 2611 341 2673 gregibus
352 2611 406 2657 (lum
416 2609 593 2677 laetujuventasg

36 2674 95 2726 Solve
104 2693 188 2740 murem
204 2677 271 2724 mitte
281 2677 306 2722 in
317 2673 432 2722 Venerem
442 2681 548 2732 pecuum
557 2671 652 2723 primus,
