<?xml version="1.0" encoding="UTF-8"?>
<!DOCTYPE html PUBLIC "-//W3C//DTD XHTML 1.0 Transitional//EN"
    "http://www.w3.org/TR/xhtml1/DTD/xhtml1-transitional.dtd">
<html xmlns="http://www.w3.org/1999/xhtml" xml:lang="en" lang="en">
 <head>
  <title>
</title>
<meta http-equiv="Content-Type" content="text/html;charset=utf-8" />
  <meta name='ocr-system' content='tesseract 3.04.00' />
  <meta name='ocr-capabilities' content='ocr_page ocr_carea ocr_par ocr_line ocrx_word'/>
</head>
<body>
  <div class='ocr_page' id='page_1' title='image "./pvirgiliimaroni00heyngoog/pvirgiliimaroni00heyngoog_0301.png"; bbox 0 0 1709 2925; ppageno 0'>
   <div class='ocr_carea' id='block_1_1' title="bbox 233 99 770 194">
    <p class='ocr_par' dir='ltr' id='par_1_1' title="bbox 233 95 770 194">
     <span class='ocr_line' id='line_1_1' title="bbox 233 99 770 194; baseline 0.004 -4"><span class='ocrx_word' id='word_1_1' title='bbox 233 140 402 191; x_wconf 73' lang='lat' dir='ltr'><strong>AEunmos</strong></span> <span class='ocrx_word' id='word_1_2' title='bbox 420 139 474 190; x_wconf 78' lang='lat' dir='ltr'><strong>Lm.</strong></span> <span class='ocrx_word' id='word_1_3' title='bbox 484 140 532 191; x_wconf 75' lang='lat' dir='ltr'><strong>IX.</strong></span> <span class='ocrx_word' id='word_1_4' title='bbox 672 148 718 194; x_wconf 76' lang='lat'><strong>291</strong></span> <span class='ocrx_word' id='word_1_5' title='bbox 768 99 770 104; x_wconf 52' lang='lat'>‘</span> 
     </span>
    </p>
   </div>
   <div class='ocr_carea' id='block_1_2' title="bbox 31 273 755 2749">
    <p class='ocr_par' dir='ltr' id='par_1_2' title="bbox 31 273 722 467">
     <span class='ocr_line' id='line_1_2' title="bbox 35 273 722 335; baseline -0.001 -13"><span class='ocrx_word' id='word_1_6' title='bbox 35 276 131 333; x_wconf 69' lang='lat' dir='ltr'><strong>Qualis</strong></span> <span class='ocrx_word' id='word_1_7' title='bbox 142 275 167 322; x_wconf 86' lang='lat' dir='ltr'><strong>in</strong></span> <span class='ocrx_word' id='word_1_8' title='bbox 177 273 282 322; x_wconf 85' lang='lat' dir='ltr'><strong>Euboico</strong></span> <span class='ocrx_word' id='word_1_9' title='bbox 293 273 399 320; x_wconf 77' lang='lat' dir='ltr'><strong>Baiarum</strong></span> <span class='ocrx_word' id='word_1_10' title='bbox 409 273 476 320; x_wconf 83' lang='lat' dir='ltr'><strong>litore</strong></span> <span class='ocrx_word' id='word_1_11' title='bbox 486 274 600 335; x_wconf 83' lang='lat' dir='ltr'><strong>quondam</strong></span> <span class='ocrx_word' id='word_1_12' title='bbox 672 277 722 322; x_wconf 83' lang='grc'><strong>710</strong></span> 
     </span>
     <span class='ocr_line' id='line_1_3' title="bbox 36 339 621 403; baseline -0.002 -15"><span class='ocrx_word' id='word_1_13' title='bbox 36 344 123 389; x_wconf 85' lang='lat' dir='ltr'><strong>Saxea</strong></span> <span class='ocrx_word' id='word_1_14' title='bbox 133 341 179 403; x_wconf 85' lang='lat' dir='ltr'><strong>pila</strong></span> <span class='ocrx_word' id='word_1_15' title='bbox 190 340 263 395; x_wconf 83' lang='lat' dir='ltr'><strong>cadit;</strong></span> <span class='ocrx_word' id='word_1_16' title='bbox 281 339 371 401; x_wconf 76' lang='lat' dir='ltr'><strong>magnis</strong></span> <span class='ocrx_word' id='word_1_17' title='bbox 381 354 449 399; x_wconf 87' lang='lat' dir='ltr'><strong>quam</strong></span> <span class='ocrx_word' id='word_1_18' title='bbox 460 340 556 386; x_wconf 84' lang='lat' dir='ltr'><strong>molibus</strong></span> <span class='ocrx_word' id='word_1_19' title='bbox 567 347 621 387; x_wconf 85' lang='lat' dir='ltr'><strong>ante</strong></span> 
     </span>
     <span class='ocr_line' id='line_1_4' title="bbox 31 404 599 467; baseline -0.007 -12"><span class='ocrx_word' id='word_1_20' title='bbox 31 406 212 455; x_wconf 82' lang='lat' dir='ltr'><strong>Constmctam</strong></span> <span class='ocrx_word' id='word_1_21' title='bbox 223 411 295 467; x_wconf 89' lang='lat' dir='ltr'><strong>ponto</strong></span> <span class='ocrx_word' id='word_1_22' title='bbox 300 404 401 466; x_wconf 81' lang='lat' dir='ltr'><strong>jaciunt:</strong></span> <span class='ocrx_word' id='word_1_23' title='bbox 421 404 454 450; x_wconf 85' lang='lat' dir='ltr'><strong>aic</strong></span> <span class='ocrx_word' id='word_1_24' title='bbox 461 404 502 450; x_wconf 86' lang='lat' dir='ltr'><strong>illa</strong></span> <span class='ocrx_word' id='word_1_25' title='bbox 513 406 599 451; x_wconf 89' lang='lat' dir='ltr'><strong>ruinam</strong></span> 
     </span>
    </p>

    <p class='ocr_par' dir='ltr' id='par_1_3' title="bbox 38 468 697 727">
     <span class='ocr_line' id='line_1_5' title="bbox 38 468 636 532; baseline -0.003 -14"><span class='ocrx_word' id='word_1_26' title='bbox 38 470 128 519; x_wconf 90' lang='lat' dir='ltr'><strong>Prona</strong></span> <span class='ocrx_word' id='word_1_27' title='bbox 139 470 214 525; x_wconf 73' lang='lat' dir='ltr'><strong>trahit,</strong></span> <span class='ocrx_word' id='word_1_28' title='bbox 224 471 358 532; x_wconf 69' lang='lat' dir='ltr'>penitusque</span> <span class='ocrx_word' id='word_1_29' title='bbox 368 468 433 515; x_wconf 85' lang='lat' dir='ltr'><strong>vadis</strong></span> <span class='ocrx_word' id='word_1_30' title='bbox 443 469 501 516; x_wconf 87' lang='lat' dir='ltr'><strong>illisa</strong></span> <span class='ocrx_word' id='word_1_31' title='bbox 511 471 636 527; x_wconf 66' lang='lat' dir='ltr'><strong>recumbitg</strong></span> 
     </span>
     <span class='ocr_line' id='line_1_6' title="bbox 39 534 644 595; baseline -0.005 -11"><span class='ocrx_word' id='word_1_32' title='bbox 39 536 153 583; x_wconf 83' lang='lat' dir='ltr'><strong>Mrsoent</strong></span> <span class='ocrx_word' id='word_1_33' title='bbox 164 551 188 582; x_wconf 89' lang='lat' dir='ltr'><strong>se</strong></span> <span class='ocrx_word' id='word_1_34' title='bbox 199 535 278 591; x_wconf 85' lang='lat' dir='ltr'><strong>maria,</strong></span> <span class='ocrx_word' id='word_1_35' title='bbox 290 542 314 581; x_wconf 92' lang='lat' dir='ltr'><strong>et</strong></span> <span class='ocrx_word' id='word_1_36' title='bbox 324 535 398 595; x_wconf 78' lang='lat' dir='ltr'><strong>nigrae</strong></span> <span class='ocrx_word' id='word_1_37' title='bbox 408 534 542 581; x_wconf 89' lang='lat' dir='ltr'><strong>attolluntur</strong></span> <span class='ocrx_word' id='word_1_38' title='bbox 553 550 644 592; x_wconf 84' lang='lat' dir='ltr'><strong>arenae;</strong></span> 
     </span>
     <span class='ocr_line' id='line_1_7' title="bbox 38 599 697 660; baseline -0.002 -12"><span class='ocrx_word' id='word_1_39' title='bbox 38 601 110 648; x_wconf 90' lang='lat' dir='ltr'><strong>Tum</strong></span> <span class='ocrx_word' id='word_1_40' title='bbox 123 602 200 648; x_wconf 85' lang='lat' dir='ltr'><strong>sonitu</strong></span> <span class='ocrx_word' id='word_1_41' title='bbox 211 599 326 660; x_wconf 85' lang='lat' dir='ltr'><strong>Prochyta</strong></span> <span class='ocrx_word' id='word_1_42' title='bbox 337 600 382 645; x_wconf 88' lang='lat' dir='ltr'><strong>alta</strong></span> <span class='ocrx_word' id='word_1_43' title='bbox 393 600 476 653; x_wconf 71' lang='lat' dir='ltr'><strong>tremit,</strong></span> <span class='ocrx_word' id='word_1_44' title='bbox 488 600 613 660; x_wconf 86' lang='lat' dir='ltr'><strong>durumque</strong></span> <span class='ocrx_word' id='word_1_45' title='bbox 624 599 697 647; x_wconf 87' lang='lat' dir='ltr'>cubile</span> 
     </span>
     <span class='ocr_line' id='line_1_8' title="bbox 40 662 576 727; baseline -0.004 -14"><span class='ocrx_word' id='word_1_46' title='bbox 40 665 151 714; x_wconf 84' lang='lat' dir='ltr'>Inarime</span> <span class='ocrx_word' id='word_1_47' title='bbox 162 665 229 714; x_wconf 85' lang='lat' dir='ltr'><strong>Jovis</strong></span> <span class='ocrx_word' id='word_1_48' title='bbox 239 665 338 727; x_wconf 87' lang='lat' dir='ltr'><strong>imperiis</strong></span> <span class='ocrx_word' id='word_1_49' title='bbox 349 662 447 725; x_wconf 80' lang='lat' dir='ltr'><strong>impdsta</strong></span> <span class='ocrx_word' id='word_1_50' title='bbox 457 663 576 725; x_wconf 83' lang='lat' dir='ltr'><strong>Typhiieo.</strong></span> 
     </span>
    </p>

    <p class='ocr_par' dir='ltr' id='par_1_4' title="bbox 38 729 716 1117">
     <span class='ocr_line' id='line_1_9' title="bbox 60 729 685 791; baseline -0.005 -12"><span class='ocrx_word' id='word_1_51' title='bbox 60 763 64 770; x_wconf 39' lang='grc' dir='ltr'><strong><em>ι</em></strong></span> <span class='ocrx_word' id='word_1_52' title='bbox 80 731 132 779; x_wconf 84' lang='lat' dir='ltr'><strong>Hic</strong></span> <span class='ocrx_word' id='word_1_53' title='bbox 143 731 210 779; x_wconf 89' lang='lat' dir='ltr'><strong>Mars</strong></span> <span class='ocrx_word' id='word_1_54' title='bbox 220 731 358 791; x_wconf 72' lang='lat' dir='ltr'><strong>armipotens</strong></span> <span class='ocrx_word' id='word_1_55' title='bbox 367 731 469 776; x_wconf 89' lang='lat' dir='ltr'><strong>animum</strong></span> <span class='ocrx_word' id='word_1_56' title='bbox 481 730 585 790; x_wconf 82' lang='lat' dir='ltr'><strong>viresque</strong></span> <span class='ocrx_word' id='word_1_57' title='bbox 595 729 685 777; x_wconf 85' lang='lat' dir='ltr'><strong>Latinis</strong></span> 
     </span>
     <span class='ocr_line' id='line_1_10' title="bbox 40 794 623 855; baseline -0.007 -11"><span class='ocrx_word' id='word_1_58' title='bbox 40 796 152 850; x_wconf 82' lang='lat' dir='ltr'>Addidit,</span> <span class='ocrx_word' id='word_1_59' title='bbox 164 804 188 843; x_wconf 89' lang='lat' dir='ltr'><strong>et</strong></span> <span class='ocrx_word' id='word_1_60' title='bbox 198 795 301 842; x_wconf 84' lang='lat' dir='ltr'><strong>stimulos</strong></span> <span class='ocrx_word' id='word_1_61' title='bbox 312 810 376 841; x_wconf 75' lang='lat' dir='ltr'><strong>acres</strong></span> <span class='ocrx_word' id='word_1_62' title='bbox 386 796 428 841; x_wconf 91' lang='lat' dir='ltr'><strong>sub</strong></span> <span class='ocrx_word' id='word_1_63' title='bbox 438 803 531 855; x_wconf 80' lang='lat' dir='ltr'>pectore</span> <span class='ocrx_word' id='word_1_64' title='bbox 542 794 623 851; x_wconf 87' lang='lat' dir='ltr'><strong>vertit;</strong></span> 
     </span>
     <span class='ocr_line' id='line_1_11' title="bbox 41 858 668 922; baseline 0 -14"><span class='ocrx_word' id='word_1_65' title='bbox 41 861 195 921; x_wconf 87' lang='lat' dir='ltr'><strong>Immisitqua</strong></span> <span class='ocrx_word' id='word_1_66' title='bbox 206 860 295 922; x_wconf 82' lang='lat' dir='ltr'><strong>Fugam</strong></span> <span class='ocrx_word' id='word_1_67' title='bbox 307 859 403 906; x_wconf 82' lang='lat' dir='ltr'><strong>Teucris</strong></span> <span class='ocrx_word' id='word_1_68' title='bbox 414 867 532 920; x_wconf 84' lang='lat' dir='ltr'><strong>atrumque</strong></span> <span class='ocrx_word' id='word_1_69' title='bbox 543 858 668 908; x_wconf 84' lang='lat' dir='ltr'>Timorem.</span> 
     </span>
     <span class='ocr_line' id='line_1_12' title="bbox 43 925 694 988; baseline -0.005 -13"><span class='ocrx_word' id='word_1_70' title='bbox 43 927 162 988; x_wconf 82' lang='lat' dir='ltr'><strong>Undique</strong></span> <span class='ocrx_word' id='word_1_71' title='bbox 170 927 321 981; x_wconf 81' lang='lat' dir='ltr'><strong>conveniunt;</strong></span> <span class='ocrx_word' id='word_1_72' title='bbox 340 926 446 985; x_wconf 89' lang='lat' dir='ltr'><strong>quoniam</strong></span> <span class='ocrx_word' id='word_1_73' title='bbox 457 925 509 972; x_wconf 90' lang='lat' dir='ltr'><strong>data</strong></span> <span class='ocrx_word' id='word_1_74' title='bbox 519 925 584 987; x_wconf 88' lang='lat' dir='ltr'><strong>copia</strong></span> <span class='ocrx_word' id='word_1_75' title='bbox 595 939 679 988; x_wconf 80' lang='lat' dir='ltr'><strong>pugnae</strong></span> <span class='ocrx_word' id='word_1_76' title='bbox 688 942 694 983; x_wconf 83' lang='lat'><em>3</em></span> 
     </span>
     <span class='ocr_line' id='line_1_13' title="bbox 41 990 716 1052; baseline -0.003 -14"><span class='ocrx_word' id='word_1_77' title='bbox 41 991 197 1052; x_wconf 87' lang='lat' dir='ltr'><strong>Bellatorque</strong></span> <span class='ocrx_word' id='word_1_78' title='bbox 208 992 295 1038; x_wconf 87' lang='lat' dir='ltr'><strong>animos</strong></span> <span class='ocrx_word' id='word_1_79' title='bbox 306 990 374 1037; x_wconf 89' lang='lat' dir='ltr'><strong>Deus</strong></span> <span class='ocrx_word' id='word_1_80' title='bbox 383 990 468 1037; x_wconf 82' lang='lat' dir='ltr'>incidit.</span> <span class='ocrx_word' id='word_1_81' title='bbox 673 992 716 1037; x_wconf 78' lang='lat'><strong>721</strong></span> 
     </span>
     <span class='ocr_line' id='line_1_14' title="bbox 38 1056 613 1117; baseline -0.003 -13"><span class='ocrx_word' id='word_1_82' title='bbox 38 1056 176 1111; x_wconf 74' lang='lat' dir='ltr'><strong>tPandarua,</strong></span> <span class='ocrx_word' id='word_1_83' title='bbox 188 1067 214 1104; x_wconf 89' lang='lat' dir='ltr'><strong>ut</strong></span> <span class='ocrx_word' id='word_1_84' title='bbox 224 1056 276 1103; x_wconf 81' lang='lat' dir='ltr'><strong>iaso</strong></span> <span class='ocrx_word' id='word_1_85' title='bbox 286 1070 419 1117; x_wconf 83' lang='lat' dir='ltr'><strong>germanum</strong></span> <span class='ocrx_word' id='word_1_86' title='bbox 427 1071 522 1117; x_wconf 89' lang='lat' dir='ltr'><strong>corpore</strong></span> <span class='ocrx_word' id='word_1_87' title='bbox 532 1056 613 1114; x_wconf 66' lang='lat' dir='ltr'><strong>eremit,</strong></span> 
     </span>
    </p>

    <p class='ocr_par' dir='ltr' id='par_1_5' title="bbox 43 1121 596 1183">
     <span class='ocr_line' id='line_1_15' title="bbox 43 1121 596 1183; baseline -0.004 -13"><span class='ocrx_word' id='word_1_88' title='bbox 43 1121 81 1173; x_wconf 88' lang='lat' dir='ltr'><strong>Et</strong></span> <span class='ocrx_word' id='word_1_89' title='bbox 93 1138 142 1183; x_wconf 93' lang='lat' dir='ltr'><strong>quo</strong></span> <span class='ocrx_word' id='word_1_90' title='bbox 153 1123 182 1168; x_wconf 91' lang='lat' dir='ltr'><strong>sit</strong></span> <span class='ocrx_word' id='word_1_91' title='bbox 192 1121 283 1168; x_wconf 82' lang='lat' dir='ltr'><strong>fortuna</strong></span> <span class='ocrx_word' id='word_1_92' title='bbox 292 1121 351 1175; x_wconf 87' lang='lat' dir='ltr'><strong>loco,</strong></span> <span class='ocrx_word' id='word_1_93' title='bbox 364 1122 402 1181; x_wconf 90' lang='lat' dir='ltr'><strong>qui</strong></span> <span class='ocrx_word' id='word_1_94' title='bbox 413 1136 479 1166; x_wconf 88' lang='lat' dir='ltr'><strong>casus</strong></span> <span class='ocrx_word' id='word_1_95' title='bbox 490 1129 543 1183; x_wconf 82' lang='lat' dir='ltr'><strong>agat</strong></span> <span class='ocrx_word' id='word_1_96' title='bbox 554 1137 596 1176; x_wconf 86' lang='lat' dir='ltr'><strong>res,</strong></span> 
     </span>
    </p>

    <p class='ocr_par' dir='ltr' id='par_1_6' title="bbox 44 1186 591 1247">
     <span class='ocr_line' id='line_1_16' title="bbox 44 1186 591 1247; baseline -0.007 -11"><span class='ocrx_word' id='word_1_97' title='bbox 44 1186 146 1235; x_wconf 80' lang='lat' dir='ltr'><strong>Portam</strong></span> <span class='ocrx_word' id='word_1_98' title='bbox 156 1188 180 1233; x_wconf 84' lang='lat' dir='ltr'><strong>vi</strong></span> <span class='ocrx_word' id='word_1_99' title='bbox 190 1186 263 1232; x_wconf 67' lang='lat' dir='ltr'><strong>multi</strong></span> <span class='ocrx_word' id='word_1_100' title='bbox 272 1200 383 1232; x_wconf 87' lang='lat' dir='ltr'><strong>converso</strong></span> <span class='ocrx_word' id='word_1_101' title='bbox 393 1186 484 1232; x_wconf 89' lang='lat' dir='ltr'><strong>cardine</strong></span> <span class='ocrx_word' id='word_1_102' title='bbox 494 1193 591 1247; x_wconf 81' lang='lat' dir='ltr'><strong>torquet,</strong></span> 
     </span>
    </p>

    <p class='ocr_par' dir='ltr' id='par_1_7' title="bbox 44 1251 575 1311">
     <span class='ocr_line' id='line_1_17' title="bbox 44 1251 575 1311; baseline -0.006 -11"><span class='ocrx_word' id='word_1_103' title='bbox 44 1252 155 1300; x_wconf 84' lang='lat' dir='ltr'><strong>Obnixus</strong></span> <span class='ocrx_word' id='word_1_104' title='bbox 165 1251 217 1298; x_wconf 89' lang='lat' dir='ltr'><strong>istis</strong></span> <span class='ocrx_word' id='word_1_105' title='bbox 227 1251 333 1305; x_wconf 87' lang='lat' dir='ltr'><strong>humeris,</strong></span> <span class='ocrx_word' id='word_1_106' title='bbox 344 1251 473 1311; x_wconf 88' lang='lat' dir='ltr'><strong>multosque</strong></span> <span class='ocrx_word' id='word_1_107' title='bbox 483 1266 575 1298; x_wconf 87' lang='lat' dir='ltr'><strong>snorum</strong></span> 
     </span>
    </p>

    <p class='ocr_par' dir='ltr' id='par_1_8' title="bbox 44 1316 626 1377">
     <span class='ocr_line' id='line_1_18' title="bbox 44 1316 626 1377; baseline -0.005 -12"><span class='ocrx_word' id='word_1_108' title='bbox 44 1317 170 1365; x_wconf 88' lang='lat' dir='ltr'><strong>Moenibus</strong></span> <span class='ocrx_word' id='word_1_109' title='bbox 180 1316 286 1364; x_wconf 84' lang='lat' dir='ltr'><strong>exclusos</strong></span> <span class='ocrx_word' id='word_1_110' title='bbox 297 1317 353 1362; x_wconf 92' lang='lat' dir='ltr'><strong>duro</strong></span> <span class='ocrx_word' id='word_1_111' title='bbox 363 1317 387 1362; x_wconf 89' lang='lat' dir='ltr'><strong>in</strong></span> <span class='ocrx_word' id='word_1_112' title='bbox 399 1317 521 1362; x_wconf 86' lang='lat' dir='ltr'><strong>certamine</strong></span> <span class='ocrx_word' id='word_1_113' title='bbox 530 1316 626 1377; x_wconf 88' lang='lat' dir='ltr'><strong>linquit;</strong></span> 
     </span>
    </p>

    <p class='ocr_par' dir='ltr' id='par_1_9' title="bbox 42 1381 755 2025">
     <span class='ocr_line' id='line_1_19' title="bbox 45 1381 755 1446; baseline -0.001 -16"><span class='ocrx_word' id='word_1_114' title='bbox 45 1383 95 1430; x_wconf 86' lang='lat' dir='ltr'><strong>Ast</strong></span> <span class='ocrx_word' id='word_1_115' title='bbox 105 1382 164 1429; x_wconf 84' lang='lat' dir='ltr'><strong>alios</strong></span> <span class='ocrx_word' id='word_1_116' title='bbox 176 1397 253 1429; x_wconf 88' lang='lat' dir='ltr'><strong>secum</strong></span> <span class='ocrx_word' id='word_1_117' title='bbox 264 1381 360 1428; x_wconf 84' lang='lat' dir='ltr'><strong>includit</strong></span> <span class='ocrx_word' id='word_1_118' title='bbox 370 1381 493 1443; x_wconf 78' lang='lat' dir='ltr'><strong>recipitque</strong></span> <span class='ocrx_word' id='word_1_119' title='bbox 504 1390 602 1437; x_wconf 89' lang='lat' dir='ltr'><strong>ruentes,</strong></span> <span class='ocrx_word' id='word_1_120' title='bbox 746 1425 755 1446; x_wconf 17' lang='grc' dir='ltr'><strong>,Ὺ</strong></span> 
     </span>
     <span class='ocr_line' id='line_1_20' title="bbox 44 1446 720 1510; baseline -0.003 -14"><span class='ocrx_word' id='word_1_121' title='bbox 44 1446 169 1497; x_wconf 85' lang='lat' dir='ltr'><strong>Demens!</strong></span> <span class='ocrx_word' id='word_1_122' title='bbox 186 1448 228 1510; x_wconf 86' lang='lat' dir='ltr'><strong>qui</strong></span> <span class='ocrx_word' id='word_1_123' title='bbox 237 1447 349 1495; x_wconf 83' lang='lat' dir='ltr'><strong>Rutulum</strong></span> <span class='ocrx_word' id='word_1_124' title='bbox 360 1447 384 1493; x_wconf 92' lang='lat' dir='ltr'><strong>in</strong></span> <span class='ocrx_word' id='word_1_125' title='bbox 395 1447 471 1494; x_wconf 89' lang='lat' dir='ltr'><strong>medio</strong></span> <span class='ocrx_word' id='word_1_126' title='bbox 482 1464 528 1494; x_wconf 92' lang='lat' dir='ltr'><strong>non</strong></span> <span class='ocrx_word' id='word_1_127' title='bbox 539 1448 631 1510; x_wconf 85' lang='lat' dir='ltr'><strong>agmine</strong></span> <span class='ocrx_word' id='word_1_128' title='bbox 642 1460 720 1510; x_wconf 79' lang='lat' dir='ltr'><strong>regem</strong></span> 
     </span>
     <span class='ocr_line' id='line_1_21' title="bbox 43 1513 629 1575; baseline 0 -15"><span class='ocrx_word' id='word_1_129' title='bbox 43 1513 72 1560; x_wconf 90' lang='lat' dir='ltr'><strong>-V</strong></span> <span class='ocrx_word' id='word_1_130' title='bbox 72 1514 142 1561; x_wconf 90' lang='lat' dir='ltr'><strong>iderit</strong></span> <span class='ocrx_word' id='word_1_131' title='bbox 152 1513 321 1575; x_wconf 74' lang='lat' dir='ltr'><strong>inrumpentem,</strong></span> <span class='ocrx_word' id='word_1_132' title='bbox 333 1513 438 1573; x_wconf 85' lang='lat' dir='ltr'><strong>ultroque</strong></span> <span class='ocrx_word' id='word_1_133' title='bbox 447 1513 563 1560; x_wconf 78' lang='lat' dir='ltr'><strong>incluserit</strong></span> <span class='ocrx_word' id='word_1_134' title='bbox 573 1515 629 1569; x_wconf 82' lang='lat' dir='ltr'><strong>urbi,</strong></span> 
     </span>
     <span class='ocr_line' id='line_1_22' title="bbox 46 1577 723 1641; baseline -0.004 -15"><span class='ocrx_word' id='word_1_135' title='bbox 46 1577 179 1626; x_wconf 89' lang='lat' dir='ltr'><strong>Immanem</strong></span> <span class='ocrx_word' id='word_1_136' title='bbox 190 1578 261 1625; x_wconf 88' lang='lat' dir='ltr'><strong>veluti</strong></span> <span class='ocrx_word' id='word_1_137' title='bbox 271 1593 353 1641; x_wconf 87' lang='lat' dir='ltr'><strong>pecora</strong></span> <span class='ocrx_word' id='word_1_138' title='bbox 363 1578 422 1624; x_wconf 88' lang='lat' dir='ltr'><strong>inter</strong></span> <span class='ocrx_word' id='word_1_139' title='bbox 433 1579 513 1625; x_wconf 85' lang='lat' dir='ltr'><strong>inertia</strong></span> <span class='ocrx_word' id='word_1_140' title='bbox 523 1579 607 1641; x_wconf 84' lang='lat' dir='ltr'><strong>tigrim.</strong></span> <span class='ocrx_word' id='word_1_141' title='bbox 673 1580 723 1625; x_wconf 79' lang='grc'><strong>730</strong></span> 
     </span>
     <span class='ocr_line' id='line_1_23' title="bbox 47 1642 582 1697; baseline -0.002 -5"><span class='ocrx_word' id='word_1_142' title='bbox 47 1644 169 1694; x_wconf 88' lang='lat' dir='ltr'><strong>Continuo</strong></span> <span class='ocrx_word' id='word_1_143' title='bbox 180 1658 240 1691; x_wconf 89' lang='lat' dir='ltr'><strong>nova</strong></span> <span class='ocrx_word' id='word_1_144' title='bbox 250 1644 290 1689; x_wconf 84' lang='lat' dir='ltr'><strong>lux</strong></span> <span class='ocrx_word' id='word_1_145' title='bbox 300 1643 371 1690; x_wconf 90' lang='lat' dir='ltr'><strong>oculis</strong></span> <span class='ocrx_word' id='word_1_146' title='bbox 382 1642 474 1697; x_wconf 81' lang='lat' dir='ltr'><strong>offulsit,</strong></span> <span class='ocrx_word' id='word_1_147' title='bbox 485 1651 510 1691; x_wconf 86' lang='lat' dir='ltr'><strong>et</strong></span> <span class='ocrx_word' id='word_1_148' title='bbox 519 1660 582 1691; x_wconf 90' lang='lat' dir='ltr'><strong>arma</strong></span> 
     </span>
     <span class='ocr_line' id='line_1_24' title="bbox 46 1702 707 1758; baseline -0.005 -1"><span class='ocrx_word' id='word_1_149' title='bbox 46 1709 201 1758; x_wconf 87' lang='lat' dir='ltr'><strong>Horrendurn</strong></span> <span class='ocrx_word' id='word_1_150' title='bbox 212 1706 321 1756; x_wconf 71' lang='lat' dir='ltr'><strong>sonudre:</strong></span> <span class='ocrx_word' id='word_1_151' title='bbox 341 1716 442 1755; x_wconf 87' lang='lat' dir='ltr'><strong>tremunt</strong></span> <span class='ocrx_word' id='word_1_152' title='bbox 451 1710 475 1754; x_wconf 91' lang='lat' dir='ltr'><strong>in</strong></span> <span class='ocrx_word' id='word_1_153' title='bbox 487 1710 571 1755; x_wconf 89' lang='lat' dir='ltr'><strong>vertice</strong></span> <span class='ocrx_word' id='word_1_154' title='bbox 580 1708 657 1755; x_wconf 80' lang='lat' dir='ltr'><strong>cristae</strong></span> <span class='ocrx_word' id='word_1_155' title='bbox 706 1702 707 1709; x_wconf 68' lang='grc'>’</span> 
     </span>
     <span class='ocr_line' id='line_1_25' title="bbox 42 1773 664 1837; baseline -0.011 -12"><span class='ocrx_word' id='word_1_156' title='bbox 42 1776 196 1837; x_wconf 71' lang='lat' dir='ltr'><strong>Sanguineas,</strong></span> <span class='ocrx_word' id='word_1_157' title='bbox 208 1773 333 1836; x_wconf 78' lang='lat' dir='ltr'><strong>clypeoque</strong></span> <span class='ocrx_word' id='word_1_158' title='bbox 343 1775 450 1820; x_wconf 87' lang='lat' dir='ltr'><strong>micantia</strong></span> <span class='ocrx_word' id='word_1_159' title='bbox 459 1774 554 1820; x_wconf 89' lang='lat' dir='ltr'><strong>fulmina</strong></span> <span class='ocrx_word' id='word_1_160' title='bbox 564 1775 664 1819; x_wconf 79' lang='lat' dir='ltr'><strong>mittunt.</strong></span> 
     </span>
     <span class='ocr_line' id='line_1_26' title="bbox 45 1837 693 1902; baseline -0.008 -13"><span class='ocrx_word' id='word_1_161' title='bbox 45 1842 190 1902; x_wconf 79' lang='lat' dir='ltr'><strong>Agnoscunt</strong></span> <span class='ocrx_word' id='word_1_162' title='bbox 200 1839 279 1887; x_wconf 80' lang='lat' dir='ltr'><strong>laciem</strong></span> <span class='ocrx_word' id='word_1_163' title='bbox 291 1840 387 1886; x_wconf 86' lang='lat' dir='ltr'><strong>invisam</strong></span> <span class='ocrx_word' id='word_1_164' title='bbox 398 1847 466 1899; x_wconf 90' lang='lat' dir='ltr'><strong>atque</strong></span> <span class='ocrx_word' id='word_1_165' title='bbox 476 1839 583 1885; x_wconf 87' lang='lat' dir='ltr'><strong>immania</strong></span> <span class='ocrx_word' id='word_1_166' title='bbox 593 1837 693 1884; x_wconf 81' lang='lat' dir='ltr'><strong>membra</strong></span> 
     </span>
     <span class='ocr_line' id='line_1_27' title="bbox 45 1903 677 1965; baseline -0.006 -13"><span class='ocrx_word' id='word_1_167' title='bbox 45 1904 145 1952; x_wconf 86' lang='lat' dir='ltr'><strong>Turbati</strong></span> <span class='ocrx_word' id='word_1_168' title='bbox 157 1906 231 1952; x_wconf 87' lang='lat' dir='ltr'><strong>subito</strong></span> <span class='ocrx_word' id='word_1_169' title='bbox 241 1904 361 1952; x_wconf 70' lang='lat' dir='ltr'><strong>AEneadae,</strong></span> <span class='ocrx_word' id='word_1_170' title='bbox 394 1903 454 1950; x_wconf 91' lang='lat' dir='ltr'><strong>Tum</strong></span> <span class='ocrx_word' id='word_1_171' title='bbox 468 1904 585 1950; x_wconf 87' lang='lat' dir='ltr'><strong>Pandarus</strong></span> <span class='ocrx_word' id='word_1_172' title='bbox 595 1904 677 1965; x_wconf 83' lang='lat' dir='ltr'><strong>ingena</strong></span> 
     </span>
     <span class='ocr_line' id='line_1_28' title="bbox 47 1967 548 2025; baseline -0.01 -6"><span class='ocrx_word' id='word_1_173' title='bbox 47 1970 151 2025; x_wconf 83' lang='lat' dir='ltr'><strong>Emicat,</strong></span> <span class='ocrx_word' id='word_1_174' title='bbox 163 1977 186 2017; x_wconf 92' lang='lat' dir='ltr'><strong>et</strong></span> <span class='ocrx_word' id='word_1_175' title='bbox 197 1973 277 2018; x_wconf 86' lang='lat' dir='ltr'><strong>mortis</strong></span> <span class='ocrx_word' id='word_1_176' title='bbox 287 1970 394 2018; x_wconf 82' lang='lat' dir='ltr'><strong>fraternae</strong></span> <span class='ocrx_word' id='word_1_177' title='bbox 404 1970 505 2016; x_wconf 86' lang='lat' dir='ltr'><strong>fervidus</strong></span> <span class='ocrx_word' id='word_1_178' title='bbox 515 1967 548 2015; x_wconf 76' lang='lat' dir='ltr'><strong>iri</strong></span> 
     </span>
    </p>

    <p class='ocr_par' dir='ltr' id='par_1_10' title="bbox 46 2034 573 2103">
     <span class='ocr_line' id='line_1_29' title="bbox 46 2034 573 2103; baseline -0.008 -19"><span class='ocrx_word' id='word_1_179' title='bbox 46 2035 156 2084; x_wconf 62' lang='lat' dir='ltr'><strong>Edatur:</strong></span> <span class='ocrx_word' id='word_1_180' title='bbox 177 2034 232 2103; x_wconf 63' lang='lat' dir='ltr'><strong>Non</strong></span> <span class='ocrx_word' id='word_1_181' title='bbox 244 2037 294 2083; x_wconf 85' lang='lat' dir='ltr'><strong>haec</strong></span> <span class='ocrx_word' id='word_1_182' title='bbox 305 2036 386 2082; x_wconf 87' lang='lat' dir='ltr'><strong>dotalis</strong></span> <span class='ocrx_word' id='word_1_183' title='bbox 398 2036 461 2097; x_wconf 82' lang='lat' dir='ltr'><strong>regia</strong></span> <span class='ocrx_word' id='word_1_184' title='bbox 467 2036 573 2089; x_wconf 69' lang='lat' dir='ltr'><strong>Amataec</strong></span> 
     </span>
    </p>

    <p class='ocr_par' dir='ltr' id='par_1_11' title="bbox 46 2098 666 2227">
     <span class='ocr_line' id='line_1_30' title="bbox 46 2098 666 2163; baseline -0.003 -14"><span class='ocrx_word' id='word_1_185' title='bbox 46 2099 103 2150; x_wconf 86' lang='lat' dir='ltr'><strong>Nec</strong></span> <span class='ocrx_word' id='word_1_186' title='bbox 114 2101 186 2147; x_wconf 86' lang='lat' dir='ltr'><strong>muris</strong></span> <span class='ocrx_word' id='word_1_187' title='bbox 197 2102 286 2147; x_wconf 89' lang='lat' dir='ltr'><strong>cohibet</strong></span> <span class='ocrx_word' id='word_1_188' title='bbox 295 2101 373 2163; x_wconf 90' lang='lat' dir='ltr'><strong>patriis</strong></span> <span class='ocrx_word' id='word_1_189' title='bbox 382 2101 457 2146; x_wconf 88' lang='lat' dir='ltr'><strong>media</strong></span> <span class='ocrx_word' id='word_1_190' title='bbox 467 2101 544 2146; x_wconf 84' lang='lat' dir='ltr'><strong>Ardea</strong></span> <span class='ocrx_word' id='word_1_191' title='bbox 554 2098 666 2147; x_wconf 89' lang='lat' dir='ltr'><strong>Tamum.</strong></span> 
     </span>
     <span class='ocr_line' id='line_1_31' title="bbox 48 2165 656 2227; baseline -0.003 -12"><span class='ocrx_word' id='word_1_192' title='bbox 48 2165 135 2216; x_wconf 80' lang='lat' dir='ltr'><strong>Castra</strong></span> <span class='ocrx_word' id='word_1_193' title='bbox 145 2166 235 2212; x_wconf 88' lang='lat' dir='ltr'><strong>inimica</strong></span> <span class='ocrx_word' id='word_1_194' title='bbox 246 2166 322 2212; x_wconf 83' lang='lat' dir='ltr'><strong>vides:</strong></span> <span class='ocrx_word' id='word_1_195' title='bbox 341 2165 404 2211; x_wconf 87' lang='lat' dir='ltr'><strong>nulia</strong></span> <span class='ocrx_word' id='word_1_196' title='bbox 414 2167 467 2211; x_wconf 93' lang='lat' dir='ltr'><strong>hinc</strong></span> <span class='ocrx_word' id='word_1_197' title='bbox 477 2166 539 2212; x_wconf 87' lang='lat' dir='ltr'><strong>exire</strong></span> <span class='ocrx_word' id='word_1_198' title='bbox 549 2173 656 2227; x_wconf 85' lang='lat' dir='ltr'><strong>potestas.</strong></span> 
     </span>
    </p>

    <p class='ocr_par' dir='ltr' id='par_1_12' title="bbox 44 2229 722 2683">
     <span class='ocr_line' id='line_1_32' title="bbox 44 2229 722 2292; baseline 0.001 -13"><span class='ocrx_word' id='word_1_199' title='bbox 44 2231 98 2280; x_wconf 86' lang='lat' dir='ltr'><strong>olli</strong></span> <span class='ocrx_word' id='word_1_200' title='bbox 110 2231 226 2278; x_wconf 81' lang='lat' dir='ltr'><strong>subridens</strong></span> <span class='ocrx_word' id='word_1_201' title='bbox 236 2231 315 2277; x_wconf 80' lang='lat' dir='ltr'><strong>sedato</strong></span> <span class='ocrx_word' id='word_1_202' title='bbox 325 2243 417 2292; x_wconf 83' lang='lat' dir='ltr'><strong>pectora</strong></span> <span class='ocrx_word' id='word_1_203' title='bbox 427 2229 533 2277; x_wconf 86' lang='lat' dir='ltr'><strong>Turnus:</strong></span> <span class='ocrx_word' id='word_1_204' title='bbox 673 2233 722 2280; x_wconf 77' lang='lat'><strong>740</strong></span> 
     </span>
     <span class='ocr_line' id='line_1_33' title="bbox 48 2295 668 2359; baseline -0.002 -15"><span class='ocrx_word' id='word_1_205' title='bbox 48 2295 138 2359; x_wconf 70' lang='lat' dir='ltr'><strong>Incipe,</strong></span> <span class='ocrx_word' id='word_1_206' title='bbox 150 2296 169 2342; x_wconf 87' lang='lat' dir='ltr'><strong>si</strong></span> <span class='ocrx_word' id='word_1_207' title='bbox 180 2312 225 2358; x_wconf 89' lang='lat' dir='ltr'><strong>qua</strong></span> <span class='ocrx_word' id='word_1_208' title='bbox 235 2297 311 2342; x_wconf 90' lang='lat' dir='ltr'><strong>animo</strong></span> <span class='ocrx_word' id='word_1_209' title='bbox 322 2297 400 2351; x_wconf 88' lang='lat' dir='ltr'><strong>virtus,</strong></span> <span class='ocrx_word' id='word_1_210' title='bbox 411 2302 435 2342; x_wconf 91' lang='lat' dir='ltr'><strong>et</strong></span> <span class='ocrx_word' id='word_1_211' title='bbox 446 2312 540 2343; x_wconf 88' lang='lat' dir='ltr'><strong>consere</strong></span> <span class='ocrx_word' id='word_1_212' title='bbox 550 2297 651 2343; x_wconf 89' lang='lat' dir='ltr'><strong>dextram</strong></span> <span class='ocrx_word' id='word_1_213' title='bbox 661 2315 668 2356; x_wconf 76' lang='lat'>3</span> 
     </span>
     <span class='ocr_line' id='line_1_34' title="bbox 49 2359 656 2409; baseline -0.002 0"><span class='ocrx_word' id='word_1_214' title='bbox 49 2359 101 2409; x_wconf 83' lang='lat' dir='ltr'><strong>Hic</strong></span> <span class='ocrx_word' id='word_1_215' title='bbox 112 2362 180 2407; x_wconf 85' lang='lat' dir='ltr'><strong>etiam</strong></span> <span class='ocrx_word' id='word_1_216' title='bbox 192 2363 310 2408; x_wconf 81' lang='lat' dir='ltr'><strong>inventum</strong></span> <span class='ocrx_word' id='word_1_217' title='bbox 322 2360 414 2407; x_wconf 86' lang='lat' dir='ltr'><strong>Priamo</strong></span> <span class='ocrx_word' id='word_1_218' title='bbox 424 2363 523 2408; x_wconf 85' lang='lat' dir='ltr'><strong>narrabis</strong></span> <span class='ocrx_word' id='word_1_219' title='bbox 535 2361 656 2408; x_wconf 78' lang='lat' dir='ltr'><strong>Achillem.</strong></span> 
     </span>
     <span class='ocr_line' id='line_1_35' title="bbox 47 2425 607 2475; baseline -0.004 -1"><span class='ocrx_word' id='word_1_220' title='bbox 47 2426 157 2475; x_wconf 83' lang='lat' dir='ltr'><strong>Dixerat.</strong></span> <span class='ocrx_word' id='word_1_221' title='bbox 191 2425 234 2473; x_wconf 80' lang='lat' dir='ltr'><strong>ttle</strong></span> <span class='ocrx_word' id='word_1_222' title='bbox 244 2427 322 2473; x_wconf 89' lang='lat' dir='ltr'><strong>rudem</strong></span> <span class='ocrx_word' id='word_1_223' title='bbox 334 2426 398 2473; x_wconf 90' lang='lat' dir='ltr'><strong>nodis</strong></span> <span class='ocrx_word' id='word_1_224' title='bbox 409 2434 434 2473; x_wconf 89' lang='lat' dir='ltr'><strong>et</strong></span> <span class='ocrx_word' id='word_1_225' title='bbox 443 2428 528 2473; x_wconf 90' lang='lat' dir='ltr'><strong>cortice</strong></span> <span class='ocrx_word' id='word_1_226' title='bbox 537 2427 607 2473; x_wconf 92' lang='lat' dir='ltr'><strong>crudo</strong></span> 
     </span>
     <span class='ocr_line' id='line_1_36' title="bbox 46 2491 599 2552; baseline -0.004 -13"><span class='ocrx_word' id='word_1_227' title='bbox 46 2491 179 2552; x_wconf 74' lang='lat' dir='ltr'><strong>tutorquet,</strong></span> <span class='ocrx_word' id='word_1_228' title='bbox 190 2492 285 2539; x_wconf 83' lang='lat' dir='ltr'><strong>summis</strong></span> <span class='ocrx_word' id='word_1_229' title='bbox 296 2491 391 2538; x_wconf 75' lang='lat' dir='ltr'><strong>adnisam</strong></span> <span class='ocrx_word' id='word_1_230' title='bbox 401 2492 493 2544; x_wconf 82' lang='lat' dir='ltr'><strong>viribus,</strong></span> <span class='ocrx_word' id='word_1_231' title='bbox 505 2493 599 2538; x_wconf 86' lang='lat' dir='ltr'><strong>hastam.</strong></span> 
     </span>
     <span class='ocr_line' id='line_1_37' title="bbox 48 2553 551 2620; baseline -0.01 -15"><span class='ocrx_word' id='word_1_232' title='bbox 48 2553 172 2620; x_wconf 71' lang='lat' dir='ltr'><strong>Excepdre</strong></span> <span class='ocrx_word' id='word_1_233' title='bbox 183 2572 245 2604; x_wconf 78' lang='lat' dir='ltr'><strong>aurae</strong></span> <span class='ocrx_word' id='word_1_234' title='bbox 256 2557 354 2614; x_wconf 80' lang='lat' dir='ltr'><strong>vulnus3</strong></span> <span class='ocrx_word' id='word_1_235' title='bbox 373 2556 479 2603; x_wconf 89' lang='lat' dir='ltr'><strong>Saturnia</strong></span> <span class='ocrx_word' id='word_1_236' title='bbox 489 2555 551 2604; x_wconf 92' lang='lat' dir='ltr'><strong>Juno</strong></span> 
     </span>
     <span class='ocr_line' id='line_1_38' title="bbox 47 2620 603 2683; baseline -0.009 -13"><span class='ocrx_word' id='word_1_237' title='bbox 47 2621 276 2679; x_wconf 78' lang='lat' dir='ltr'><strong>Detorsit·venions;</strong></span> <span class='ocrx_word' id='word_1_238' title='bbox 293 2629 409 2683; x_wconf 62' lang='lat' dir='ltr'><strong>portaeque</strong></span> <span class='ocrx_word' id='word_1_239' title='bbox 419 2620 522 2682; x_wconf 71' lang='lat' dir='ltr'><strong>infigitur</strong></span> <span class='ocrx_word' id='word_1_240' title='bbox 531 2622 603 2666; x_wconf 74' lang='lat' dir='ltr'><strong>hasta</strong></span> 
     </span>
    </p>

    <p class='ocr_par' dir='ltr' id='par_1_13' title="bbox 47 2686 647 2749">
     <span class='ocr_line' id='line_1_39' title="bbox 47 2686 647 2749; baseline -0.01 -13"><span class='ocrx_word' id='word_1_241' title='bbox 47 2688 84 2736; x_wconf 84' lang='lat' dir='ltr'><strong>At</strong></span> <span class='ocrx_word' id='word_1_242' title='bbox 95 2701 143 2734; x_wconf 77' lang='lat' dir='ltr'><strong>noa</strong></span> <span class='ocrx_word' id='word_1_243' title='bbox 153 2687 197 2739; x_wconf 86' lang='lat' dir='ltr'><strong>hoc</strong></span> <span class='ocrx_word' id='word_1_244' title='bbox 207 2689 286 2745; x_wconf 81' lang='lat' dir='ltr'><strong>telum,</strong></span> <span class='ocrx_word' id='word_1_245' title='bbox 297 2702 348 2735; x_wconf 81' lang='lat' dir='ltr'><strong>maa</strong></span> <span class='ocrx_word' id='word_1_246' title='bbox 357 2688 418 2749; x_wconf 87' lang='lat' dir='ltr'><strong>quod</strong></span> <span class='ocrx_word' id='word_1_247' title='bbox 429 2686 453 2734; x_wconf 82' lang='lat' dir='ltr'><strong>vi</strong></span> <span class='ocrx_word' id='word_1_248' title='bbox 463 2687 555 2733; x_wconf 85' lang='lat' dir='ltr'><strong>dextera</strong></span> <span class='ocrx_word' id='word_1_249' title='bbox 565 2691 647 2741; x_wconf 79' lang='lat' dir='ltr'><strong>versat,</strong></span> 
     </span>
    </p>
   </div>
   <div class='ocr_carea' id='block_1_3' title="bbox 0 0 875 2925">
    <p class='ocr_par' dir='ltr' id='par_1_14' title="bbox 0 0 875 2925">
     <span class='ocr_line' id='line_1_40' title="bbox 0 0 875 2925; baseline 0 0"><span class='ocrx_word' id='word_1_250' title='bbox 0 0 875 2925; x_wconf 95' lang='lat' dir='ltr'><strong> </strong></span> 
     </span>
    </p>
   </div>
  </div>
 </body>
</html>
