<?xml version="1.0" encoding="UTF-8"?>
<!DOCTYPE html PUBLIC "-//W3C//DTD XHTML 1.0 Transitional//EN"
    "http://www.w3.org/TR/xhtml1/DTD/xhtml1-transitional.dtd">
<html xmlns="http://www.w3.org/1999/xhtml" xml:lang="en" lang="en">
 <head>
  <title>
</title>
<meta http-equiv="Content-Type" content="text/html;charset=utf-8" />
  <meta name='ocr-system' content='tesseract 3.04.00' />
  <meta name='ocr-capabilities' content='ocr_page ocr_carea ocr_par ocr_line ocrx_word'/>
</head>
<body>
  <div class='ocr_page' id='page_1' title='image "./pvirgiliimaroni00heyngoog/pvirgiliimaroni00heyngoog_0342.png"; bbox 0 0 1709 2925; ppageno 0'>
   <div class='ocr_carea' id='block_1_1' title="bbox 125 140 610 204">
    <p class='ocr_par' dir='ltr' id='par_1_1' title="bbox 125 140 610 204">
     <span class='ocr_line' id='line_1_1' title="bbox 125 140 610 204; baseline -0.004 0"><span class='ocrx_word' id='word_1_1' title='bbox 125 152 176 204; x_wconf 70' lang='grc'>889</span> <span class='ocrx_word' id='word_1_2' title='bbox 314 140 480 201; x_wconf 73' lang='lat' dir='ltr'><strong>AENEIDOS</strong></span> <span class='ocrx_word' id='word_1_3' title='bbox 497 146 610 202; x_wconf 70' lang='lat' dir='ltr'>mxl.</span> 
     </span>
    </p>
   </div>
   <div class='ocr_carea' id='block_1_2' title="bbox 65 280 801 2748">
    <p class='ocr_par' dir='ltr' id='par_1_2' title="bbox 127 280 666 346">
     <span class='ocr_line' id='line_1_2' title="bbox 127 280 666 346; baseline -0.006 -12"><span class='ocrx_word' id='word_1_4' title='bbox 127 283 264 335; x_wconf 73' lang='lat' dir='ltr'>subvehitur</span> <span class='ocrx_word' id='word_1_5' title='bbox 274 280 358 345; x_wconf 76' lang='lat' dir='ltr'>megnl</span> <span class='ocrx_word' id='word_1_6' title='bbox 367 288 465 330; x_wconf 87' lang='lat' dir='ltr'>matrum</span> <span class='ocrx_word' id='word_1_7' title='bbox 476 284 556 346; x_wconf 77' lang='lat' dir='ltr'>regina</span> <span class='ocrx_word' id='word_1_8' title='bbox 565 282 666 342; x_wconf 70' lang='lat' dir='ltr'>catervi,</span> 
     </span>
    </p>

    <p class='ocr_par' dir='ltr' id='par_1_3' title="bbox 127 346 705 414">
     <span class='ocr_line' id='line_1_3' title="bbox 127 346 705 414; baseline -0.007 -15"><span class='ocrx_word' id='word_1_9' title='bbox 127 351 198 399; x_wconf 83' lang='lat' dir='ltr'>Dona</span> <span class='ocrx_word' id='word_1_10' title='bbox 207 348 297 405; x_wconf 75' lang='lat' dir='ltr'>ferent5</span> <span class='ocrx_word' id='word_1_11' title='bbox 309 348 422 410; x_wconf 76' lang='lat' dir='ltr'>juxtaque</span> <span class='ocrx_word' id='word_1_12' title='bbox 432 363 508 396; x_wconf 74' lang='lat' dir='ltr'>comes</span> <span class='ocrx_word' id='word_1_13' title='bbox 520 346 616 397; x_wconf 74' lang='lat' dir='ltr'>Iariuia</span> <span class='ocrx_word' id='word_1_14' title='bbox 626 351 705 414; x_wconf 80' lang='lat' dir='ltr'>virgo,</span> 
     </span>
    </p>

    <p class='ocr_par' dir='ltr' id='par_1_4' title="bbox 127 413 801 474">
     <span class='ocr_line' id='line_1_4' title="bbox 127 413 801 474; baseline -0.004 -10"><span class='ocrx_word' id='word_1_15' title='bbox 127 414 204 465; x_wconf 77' lang='lat' dir='ltr'>Cauta</span> <span class='ocrx_word' id='word_1_16' title='bbox 213 413 266 460; x_wconf 89' lang='lat' dir='ltr'>mali</span> <span class='ocrx_word' id='word_1_17' title='bbox 277 414 341 468; x_wconf 88' lang='lat' dir='ltr'>tanti,</span> <span class='ocrx_word' id='word_1_18' title='bbox 352 413 431 460; x_wconf 79' lang='lat' dir='ltr'>oculor</span> <span class='ocrx_word' id='word_1_19' title='bbox 442 414 528 474; x_wconf 75' lang='lat' dir='ltr'>deJecta</span> <span class='ocrx_word' id='word_1_20' title='bbox 537 415 639 461; x_wconf 78' lang='lat' dir='ltr'>decoros.</span> <span class='ocrx_word' id='word_1_21' title='bbox 746 421 801 466; x_wconf 70' lang='lat'>480</span> 
     </span>
    </p>

    <p class='ocr_par' dir='ltr' id='par_1_5' title="bbox 128 479 734 542">
     <span class='ocr_line' id='line_1_5' title="bbox 128 479 734 542; baseline -0.002 -14"><span class='ocrx_word' id='word_1_22' title='bbox 128 480 257 528; x_wconf 77' lang='lat' dir='ltr'>Succedunt</span> <span class='ocrx_word' id='word_1_23' title='bbox 267 485 358 533; x_wconf 73' lang='lat' dir='ltr'>matred,</span> <span class='ocrx_word' id='word_1_24' title='bbox 369 485 394 525; x_wconf 88' lang='lat' dir='ltr'>et</span> <span class='ocrx_word' id='word_1_25' title='bbox 403 479 512 540; x_wconf 85' lang='lat' dir='ltr'>templum</span> <span class='ocrx_word' id='word_1_26' title='bbox 524 481 591 525; x_wconf 86' lang='lat' dir='ltr'>thure</span> <span class='ocrx_word' id='word_1_27' title='bbox 601 487 734 542; x_wconf 69' lang='lat' dir='ltr'>vaporantg</span> 
     </span>
    </p>

    <p class='ocr_par' dir='ltr' id='par_1_6' title="bbox 126 543 648 594">
     <span class='ocr_line' id='line_1_6' title="bbox 126 543 648 594; baseline -0.002 0"><span class='ocrx_word' id='word_1_28' title='bbox 126 545 160 594; x_wconf 87' lang='lat' dir='ltr'>Et</span> <span class='ocrx_word' id='word_1_29' title='bbox 170 552 264 591; x_wconf 83' lang='lat' dir='ltr'>moeutaa</span> <span class='ocrx_word' id='word_1_30' title='bbox 275 543 321 590; x_wconf 91' lang='lat' dir='ltr'>alto</span> <span class='ocrx_word' id='word_1_31' title='bbox 330 543 428 591; x_wconf 82' lang='lat' dir='ltr'>fundunt</span> <span class='ocrx_word' id='word_1_32' title='bbox 439 544 467 591; x_wconf 81' lang='lat' dir='ltr'>de</span> <span class='ocrx_word' id='word_1_33' title='bbox 477 543 555 592; x_wconf 84' lang='lat' dir='ltr'>limine</span> <span class='ocrx_word' id='word_1_34' title='bbox 565 559 648 593; x_wconf 78' lang='lat' dir='ltr'>voces:</span> 
     </span>
    </p>

    <p class='ocr_par' dir='ltr' id='par_1_7' title="bbox 127 607 645 672">
     <span class='ocr_line' id='line_1_7' title="bbox 127 607 645 672; baseline -0.008 -13"><span class='ocrx_word' id='word_1_35' title='bbox 127 610 281 672; x_wconf 70' lang='lat' dir='ltr'>Armipotens,</span> <span class='ocrx_word' id='word_1_36' title='bbox 293 622 376 672; x_wconf 72' lang='lat' dir='ltr'>praeaea</span> <span class='ocrx_word' id='word_1_37' title='bbox 385 609 445 663; x_wconf 87' lang='lat' dir='ltr'>belli,</span> <span class='ocrx_word' id='word_1_38' title='bbox 456 607 561 656; x_wconf 76' lang='lat' dir='ltr'>Tritonia</span> <span class='ocrx_word' id='word_1_39' title='bbox 570 610 645 672; x_wconf 81' lang='lat' dir='ltr'>virgo,</span> 
     </span>
    </p>

    <p class='ocr_par' dir='ltr' id='par_1_8' title="bbox 126 671 739 738">
     <span class='ocr_line' id='line_1_8' title="bbox 126 671 739 738; baseline -0.002 -15"><span class='ocrx_word' id='word_1_40' title='bbox 126 675 297 737; x_wconf 80' lang='lat' dir='ltr'>Frangemanu</span> <span class='ocrx_word' id='word_1_41' title='bbox 307 674 377 721; x_wconf 91' lang='lat' dir='ltr'>telum</span> <span class='ocrx_word' id='word_1_42' title='bbox 390 671 485 737; x_wconf 74' lang='lat' dir='ltr'>Phrygii</span> <span class='ocrx_word' id='word_1_43' title='bbox 495 675 615 736; x_wconf 78' lang='lat' dir='ltr'>praedonis,</span> <span class='ocrx_word' id='word_1_44' title='bbox 625 684 651 722; x_wconf 87' lang='lat' dir='ltr'>et</span> <span class='ocrx_word' id='word_1_45' title='bbox 661 676 739 738; x_wconf 70' lang='lat' dir='ltr'>ipsum</span> 
     </span>
    </p>

    <p class='ocr_par' dir='ltr' id='par_1_9' title="bbox 127 739 766 868">
     <span class='ocr_line' id='line_1_9' title="bbox 127 739 734 802; baseline 0.002 -14"><span class='ocrx_word' id='word_1_46' title='bbox 127 740 227 788; x_wconf 87' lang='lat' dir='ltr'>Pronum</span> <span class='ocrx_word' id='word_1_47' title='bbox 240 747 316 786; x_wconf 80' lang='lat' dir='ltr'>aterne</span> <span class='ocrx_word' id='word_1_48' title='bbox 326 739 382 794; x_wconf 77' lang='lat' dir='ltr'>eolo,</span> <span class='ocrx_word' id='word_1_49' title='bbox 393 741 509 802; x_wconf 78' lang='lat' dir='ltr'>portisque</span> <span class='ocrx_word' id='word_1_50' title='bbox 518 739 608 787; x_wconf 85' lang='lat' dir='ltr'>effunde</span> <span class='ocrx_word' id='word_1_51' title='bbox 618 742 661 787; x_wconf 81' lang='lat' dir='ltr'>sub</span> <span class='ocrx_word' id='word_1_52' title='bbox 672 741 734 789; x_wconf 75' lang='lat' dir='ltr'>altis.</span> 
     </span>
     <span class='ocr_line' id='line_1_10' title="bbox 160 803 766 868; baseline 0.002 -14"><span class='ocrx_word' id='word_1_53' title='bbox 160 804 267 868; x_wconf 78' lang='lat' dir='ltr'>Cingitur</span> <span class='ocrx_word' id='word_1_54' title='bbox 277 805 326 867; x_wconf 79' lang='lat' dir='ltr'>ipre</span> <span class='ocrx_word' id='word_1_55' title='bbox 335 803 413 852; x_wconf 79' lang='lat' dir='ltr'>fureur</span> <span class='ocrx_word' id='word_1_56' title='bbox 423 806 525 851; x_wconf 78' lang='lat' dir='ltr'>certatim</span> <span class='ocrx_word' id='word_1_57' title='bbox 537 805 561 851; x_wconf 86' lang='lat' dir='ltr'>io</span> <span class='ocrx_word' id='word_1_58' title='bbox 571 805 652 866; x_wconf 72' lang='lat' dir='ltr'>proefia</span> <span class='ocrx_word' id='word_1_59' title='bbox 662 804 766 854; x_wconf 69' lang='lat' dir='ltr'>Turnat.</span> 
     </span>
    </p>

    <p class='ocr_par' dir='ltr' id='par_1_10' title="bbox 126 869 693 932">
     <span class='ocr_line' id='line_1_11' title="bbox 126 869 693 932; baseline -0.002 -13"><span class='ocrx_word' id='word_1_60' title='bbox 126 870 225 932; x_wconf 86' lang='lat' dir='ltr'>Jamque</span> <span class='ocrx_word' id='word_1_61' title='bbox 236 870 292 917; x_wconf 87' lang='lat' dir='ltr'>adeo</span> <span class='ocrx_word' id='word_1_62' title='bbox 303 869 413 916; x_wconf 90' lang='lat' dir='ltr'>Rutulum</span> <span class='ocrx_word' id='word_1_63' title='bbox 424 871 516 916; x_wconf 83' lang='lat' dir='ltr'>thoraca</span> <span class='ocrx_word' id='word_1_64' title='bbox 526 870 617 916; x_wconf 80' lang='lat' dir='ltr'>indutus</span> <span class='ocrx_word' id='word_1_65' title='bbox 628 871 693 918; x_wconf 68' lang='lat' dir='ltr'>atinio</span> 
     </span>
    </p>

    <p class='ocr_par' dir='ltr' id='par_1_11' title="bbox 129 935 687 996">
     <span class='ocr_line' id='line_1_12' title="bbox 129 935 687 996; baseline -0.002 -13"><span class='ocrx_word' id='word_1_66' title='bbox 129 935 245 983; x_wconf 75' lang='lat' dir='ltr'>Horrebat</span> <span class='ocrx_word' id='word_1_67' title='bbox 255 936 362 996; x_wconf 69' lang='lat' dir='ltr'>squamis,</span> <span class='ocrx_word' id='word_1_68' title='bbox 374 949 481 995; x_wconf 80' lang='lat' dir='ltr'>auraeque</span> <span class='ocrx_word' id='word_1_69' title='bbox 491 935 612 981; x_wconf 78' lang='lat' dir='ltr'>incluserat</span> <span class='ocrx_word' id='word_1_70' title='bbox 623 951 687 990; x_wconf 90' lang='lat' dir='ltr'>auro,</span> 
     </span>
    </p>

    <p class='ocr_par' dir='ltr' id='par_1_12' title="bbox 127 999 795 1064">
     <span class='ocr_line' id='line_1_13' title="bbox 127 999 795 1064; baseline 0.001 -16"><span class='ocrx_word' id='word_1_71' title='bbox 127 1000 241 1063; x_wconf 87' lang='lat' dir='ltr'>Tempora</span> <span class='ocrx_word' id='word_1_72' title='bbox 251 999 325 1046; x_wconf 77' lang='lat' dir='ltr'>nudus</span> <span class='ocrx_word' id='word_1_73' title='bbox 335 999 408 1064; x_wconf 80' lang='lat' dir='ltr'>adhuc</span> <span class='ocrx_word' id='word_1_74' title='bbox 414 1017 423 1058; x_wconf 89' lang='lat'>;</span> <span class='ocrx_word' id='word_1_75' title='bbox 440 1000 549 1060; x_wconf 89' lang='lat' dir='ltr'>laterique</span> <span class='ocrx_word' id='word_1_76' title='bbox 560 1001 690 1048; x_wconf 73' lang='lat' dir='ltr'>accinxerat</span> <span class='ocrx_word' id='word_1_77' title='bbox 701 1016 780 1049; x_wconf 78' lang='lat' dir='ltr'>ensem</span> <span class='ocrx_word' id='word_1_78' title='bbox 786 1017 795 1058; x_wconf 68' lang='grc' dir='ltr'><strong>ς</strong></span> 
     </span>
    </p>

    <p class='ocr_par' dir='ltr' id='par_1_13' title="bbox 127 1063 798 1128">
     <span class='ocr_line' id='line_1_14' title="bbox 127 1063 798 1128; baseline 0.001 -15"><span class='ocrx_word' id='word_1_79' title='bbox 127 1063 637 1128; x_wconf 77' lang='lat' dir='ltr'>Fulgebutqueeltddecurrenaaureusarce3</span> <span class='ocrx_word' id='word_1_80' title='bbox 749 1066 798 1115; x_wconf 77' lang='lat'>490</span> 
     </span>
    </p>

    <p class='ocr_par' dir='ltr' id='par_1_14' title="bbox 126 1129 747 1193">
     <span class='ocr_line' id='line_1_15' title="bbox 126 1129 747 1193; baseline 0 -15"><span class='ocrx_word' id='word_1_81' title='bbox 126 1131 279 1191; x_wconf 67' lang='lat' dir='ltr'>Exsultatque</span> <span class='ocrx_word' id='word_1_82' title='bbox 289 1129 376 1184; x_wconf 79' lang='lat' dir='ltr'>animis,</span> <span class='ocrx_word' id='word_1_83' title='bbox 387 1137 411 1176; x_wconf 90' lang='lat' dir='ltr'>et</span> <span class='ocrx_word' id='word_1_84' title='bbox 422 1131 516 1193; x_wconf 83' lang='lat' dir='ltr'>spejam</span> <span class='ocrx_word' id='word_1_85' title='bbox 527 1130 629 1192; x_wconf 74' lang='lat' dir='ltr'>praecipit</span> <span class='ocrx_word' id='word_1_86' title='bbox 638 1131 747 1179; x_wconf 67' lang='lat' dir='ltr'>homeri:</span> 
     </span>
    </p>

    <p class='ocr_par' dir='ltr' id='par_1_15' title="bbox 123 1193 662 1258">
     <span class='ocr_line' id='line_1_16' title="bbox 123 1193 662 1258; baseline -0.002 -16"><span class='ocrx_word' id='word_1_87' title='bbox 123 1196 215 1251; x_wconf 76' lang='lat' dir='ltr'>Qualia,</span> <span class='ocrx_word' id='word_1_88' title='bbox 227 1196 264 1242; x_wconf 91' lang='lat' dir='ltr'>ubl</span> <span class='ocrx_word' id='word_1_89' title='bbox 276 1195 374 1257; x_wconf 77' lang='lat' dir='ltr'>abruptis</span> <span class='ocrx_word' id='word_1_90' title='bbox 384 1193 444 1258; x_wconf 80' lang='lat' dir='ltr'>fugit</span> <span class='ocrx_word' id='word_1_91' title='bbox 455 1196 563 1258; x_wconf 77' lang='lat' dir='ltr'>praesepia</span> <span class='ocrx_word' id='word_1_92' title='bbox 573 1195 662 1251; x_wconf 78' lang='lat' dir='ltr'>vinclis,</span> 
     </span>
    </p>

    <p class='ocr_par' dir='ltr' id='par_1_16' title="bbox 126 1260 722 1322">
     <span class='ocr_line' id='line_1_17' title="bbox 126 1260 722 1322; baseline -0.002 -14"><span class='ocrx_word' id='word_1_93' title='bbox 126 1261 230 1308; x_wconf 81' lang='lat' dir='ltr'>Tandem</span> <span class='ocrx_word' id='word_1_94' title='bbox 242 1260 303 1316; x_wconf 81' lang='lat' dir='ltr'>liber,</span> <span class='ocrx_word' id='word_1_95' title='bbox 315 1275 392 1321; x_wconf 77' lang='lat' dir='ltr'>equus,</span> <span class='ocrx_word' id='word_1_96' title='bbox 404 1275 528 1322; x_wconf 85' lang='lat' dir='ltr'>campoque</span> <span class='ocrx_word' id='word_1_97' title='bbox 537 1261 624 1322; x_wconf 79' lang='lat' dir='ltr'>potitur</span> <span class='ocrx_word' id='word_1_98' title='bbox 634 1267 722 1322; x_wconf 88' lang='lat' dir='ltr'>aperto,</span> 
     </span>
    </p>

    <p class='ocr_par' dir='ltr' id='par_1_17' title="bbox 128 1326 715 1387">
     <span class='ocr_line' id='line_1_18' title="bbox 128 1326 715 1387; baseline -0.003 -12"><span class='ocrx_word' id='word_1_99' title='bbox 128 1326 176 1374; x_wconf 85' lang='lat' dir='ltr'>Aut</span> <span class='ocrx_word' id='word_1_100' title='bbox 187 1327 226 1373; x_wconf 87' lang='lat' dir='ltr'>ille</span> <span class='ocrx_word' id='word_1_101' title='bbox 236 1326 258 1372; x_wconf 87' lang='lat' dir='ltr'>iu</span> <span class='ocrx_word' id='word_1_102' title='bbox 270 1333 347 1387; x_wconf 77' lang='lat' dir='ltr'>pastus</span> <span class='ocrx_word' id='word_1_103' title='bbox 358 1333 505 1386; x_wconf 75' lang='lat' dir='ltr'>armentaque</span> <span class='ocrx_word' id='word_1_104' title='bbox 514 1326 587 1371; x_wconf 85' lang='lat' dir='ltr'>tendit</span> <span class='ocrx_word' id='word_1_105' title='bbox 597 1341 715 1387; x_wconf 83' lang='lat' dir='ltr'>equarum,</span> 
     </span>
    </p>

    <p class='ocr_par' dir='ltr' id='par_1_18' title="bbox 126 1389 667 1453">
     <span class='ocr_line' id='line_1_19' title="bbox 126 1389 667 1453; baseline -0.006 -13"><span class='ocrx_word' id='word_1_106' title='bbox 126 1392 181 1447; x_wconf 76' lang='lat' dir='ltr'>Aut,</span> <span class='ocrx_word' id='word_1_107' title='bbox 194 1397 297 1438; x_wconf 76' lang='lat' dir='ltr'>assuetus</span> <span class='ocrx_word' id='word_1_108' title='bbox 308 1402 372 1452; x_wconf 79' lang='lat' dir='ltr'>aquae</span> <span class='ocrx_word' id='word_1_109' title='bbox 382 1390 487 1453; x_wconf 86' lang='lat' dir='ltr'>perfundi</span> <span class='ocrx_word' id='word_1_110' title='bbox 499 1389 592 1437; x_wconf 86' lang='lat' dir='ltr'>flumine</span> <span class='ocrx_word' id='word_1_111' title='bbox 602 1398 667 1447; x_wconf 87' lang='lat' dir='ltr'>noto,</span> 
     </span>
    </p>

    <p class='ocr_par' dir='ltr' id='par_1_19' title="bbox 126 1455 649 1518">
     <span class='ocr_line' id='line_1_20' title="bbox 126 1455 649 1518; baseline -0.004 -13"><span class='ocrx_word' id='word_1_112' title='bbox 126 1457 225 1512; x_wconf 85' lang='lat' dir='ltr'>Emicat,</span> <span class='ocrx_word' id='word_1_113' title='bbox 236 1456 372 1518; x_wconf 83' lang='lat' dir='ltr'>arrectisque</span> <span class='ocrx_word' id='word_1_114' title='bbox 382 1455 459 1505; x_wconf 82' lang='lat' dir='ltr'>tremit</span> <span class='ocrx_word' id='word_1_115' title='bbox 469 1456 593 1504; x_wconf 84' lang='lat' dir='ltr'>cervicibus</span> <span class='ocrx_word' id='word_1_116' title='bbox 603 1456 649 1504; x_wconf 88' lang='lat' dir='ltr'>alte</span> 
     </span>
    </p>

    <p class='ocr_par' dir='ltr' id='par_1_20' title="bbox 126 1522 758 1587">
     <span class='ocr_line' id='line_1_21' title="bbox 126 1522 758 1587; baseline 0.003 -18"><span class='ocrx_word' id='word_1_117' title='bbox 126 1523 272 1579; x_wconf 78' lang='lat' dir='ltr'>Luxudans3</span> <span class='ocrx_word' id='word_1_118' title='bbox 290 1522 413 1585; x_wconf 86' lang='lat' dir='ltr'>luduntque</span> <span class='ocrx_word' id='word_1_119' title='bbox 420 1524 484 1587; x_wconf 74' lang='lat' dir='ltr'>jubae</span> <span class='ocrx_word' id='word_1_120' title='bbox 494 1538 534 1585; x_wconf 87' lang='lat' dir='ltr'>per</span> <span class='ocrx_word' id='word_1_121' title='bbox 545 1522 609 1577; x_wconf 79' lang='lat' dir='ltr'>colla,</span> <span class='ocrx_word' id='word_1_122' title='bbox 650 1538 662 1568; x_wconf 95' lang='lat' dir='ltr'>r</span> <span class='ocrx_word' id='word_1_123' title='bbox 673 1537 758 1571; x_wconf 74' lang='lat' dir='ltr'>amoe-</span> 
     </span>
    </p>

    <p class='ocr_par' dir='ltr' id='par_1_21' title="bbox 126 1586 712 1649">
     <span class='ocr_line' id='line_1_22' title="bbox 126 1586 712 1649; baseline -0.002 -13"><span class='ocrx_word' id='word_1_124' title='bbox 126 1588 199 1637; x_wconf 87' lang='lat' dir='ltr'>Obvla</span> <span class='ocrx_word' id='word_1_125' title='bbox 210 1588 253 1642; x_wconf 90' lang='lat' dir='ltr'>cui,</span> <span class='ocrx_word' id='word_1_126' title='bbox 264 1586 401 1635; x_wconf 71' lang='lat' dir='ltr'>Volscorum</span> <span class='ocrx_word' id='word_1_127' title='bbox 413 1589 462 1649; x_wconf 68' lang='lat' dir='ltr'>acie</span> <span class='ocrx_word' id='word_1_128' title='bbox 472 1589 600 1643; x_wconf 83' lang='lat' dir='ltr'>comitante,</span> <span class='ocrx_word' id='word_1_129' title='bbox 673 1589 712 1635; x_wconf 87' lang='lat' dir='ltr'>illa</span> 
     </span>
    </p>

    <p class='ocr_par' dir='ltr' id='par_1_22' title="bbox 126 1652 682 1716">
     <span class='ocr_line' id='line_1_23' title="bbox 126 1652 682 1716; baseline -0.005 -15"><span class='ocrx_word' id='word_1_130' title='bbox 126 1652 238 1709; x_wconf 84' lang='lat' dir='ltr'>Occurrit,</span> <span class='ocrx_word' id='word_1_131' title='bbox 249 1653 364 1716; x_wconf 75' lang='lat' dir='ltr'>portisque</span> <span class='ocrx_word' id='word_1_132' title='bbox 374 1654 402 1700; x_wconf 90' lang='lat' dir='ltr'>ab</span> <span class='ocrx_word' id='word_1_133' title='bbox 412 1668 472 1714; x_wconf 86' lang='lat' dir='ltr'>equo</span> <span class='ocrx_word' id='word_1_134' title='bbox 482 1654 562 1715; x_wconf 83' lang='lat' dir='ltr'>regina</span> <span class='ocrx_word' id='word_1_135' title='bbox 574 1654 615 1700; x_wconf 77' lang='lat' dir='ltr'>rub</span> <span class='ocrx_word' id='word_1_136' title='bbox 626 1653 682 1714; x_wconf 79' lang='lat' dir='ltr'>ipsia</span> 
     </span>
    </p>

    <p class='ocr_par' dir='ltr' id='par_1_23' title="bbox 127 1718 797 1781">
     <span class='ocr_line' id='line_1_24' title="bbox 127 1718 797 1781; baseline -0.001 -14"><span class='ocrx_word' id='word_1_137' title='bbox 127 1718 244 1777; x_wconf 71' lang='lat' dir='ltr'>Desiluit3</span> <span class='ocrx_word' id='word_1_138' title='bbox 261 1734 328 1781; x_wconf 92' lang='lat' dir='ltr'>quam</span> <span class='ocrx_word' id='word_1_139' title='bbox 339 1725 387 1766; x_wconf 87' lang='lat' dir='ltr'>tota</span> <span class='ocrx_word' id='word_1_140' title='bbox 397 1720 480 1765; x_wconf 66' lang='lat' dir='ltr'>cohors</span> <span class='ocrx_word' id='word_1_141' title='bbox 490 1719 576 1764; x_wconf 84' lang='lat' dir='ltr'>imitata</span> <span class='ocrx_word' id='word_1_142' title='bbox 587 1718 672 1764; x_wconf 82' lang='lat' dir='ltr'>relictis</span> <span class='ocrx_word' id='word_1_143' title='bbox 749 1721 797 1766; x_wconf 81' lang='lat'>500</span> 
     </span>
    </p>

    <p class='ocr_par' dir='ltr' id='par_1_24' title="bbox 126 1782 666 1845">
     <span class='ocr_line' id='line_1_25' title="bbox 126 1782 666 1845; baseline -0.004 -14"><span class='ocrx_word' id='word_1_144' title='bbox 126 1784 166 1832; x_wconf 79' lang='lat' dir='ltr'>Ad</span> <span class='ocrx_word' id='word_1_145' title='bbox 177 1793 259 1832; x_wconf 87' lang='lat' dir='ltr'>terram</span> <span class='ocrx_word' id='word_1_146' title='bbox 270 1783 364 1832; x_wconf 83' lang='lat' dir='ltr'>defluxit</span> <span class='ocrx_word' id='word_1_147' title='bbox 374 1782 452 1845; x_wconf 79' lang='lat' dir='ltr'>aquis3</span> <span class='ocrx_word' id='word_1_148' title='bbox 469 1790 518 1830; x_wconf 91' lang='lat' dir='ltr'>tum</span> <span class='ocrx_word' id='word_1_149' title='bbox 530 1783 583 1829; x_wconf 85' lang='lat' dir='ltr'>talia</span> <span class='ocrx_word' id='word_1_150' title='bbox 592 1782 666 1829; x_wconf 83' lang='lat' dir='ltr'>latur:</span> 
     </span>
    </p>

    <p class='ocr_par' dir='ltr' id='par_1_25' title="bbox 124 1845 645 1911">
     <span class='ocr_line' id='line_1_26' title="bbox 124 1845 645 1911; baseline -0.008 -14"><span class='ocrx_word' id='word_1_151' title='bbox 124 1847 212 1906; x_wconf 76' lang='lat' dir='ltr'>Turne,</span> <span class='ocrx_word' id='word_1_152' title='bbox 224 1849 258 1897; x_wconf 84' lang='lat' dir='ltr'>aul</span> <span class='ocrx_word' id='word_1_153' title='bbox 269 1849 350 1895; x_wconf 89' lang='lat' dir='ltr'>merito</span> <span class='ocrx_word' id='word_1_154' title='bbox 363 1849 381 1895; x_wconf 81' lang='lat' dir='ltr'>si</span> <span class='ocrx_word' id='word_1_155' title='bbox 393 1861 437 1911; x_wconf 85' lang='lat' dir='ltr'>qua</span> <span class='ocrx_word' id='word_1_156' title='bbox 447 1855 483 1894; x_wconf 83' lang='lat' dir='ltr'>eet</span> <span class='ocrx_word' id='word_1_157' title='bbox 493 1847 575 1894; x_wconf 86' lang='lat' dir='ltr'>tiducia</span> <span class='ocrx_word' id='word_1_158' title='bbox 584 1845 645 1902; x_wconf 88' lang='lat' dir='ltr'>forti,</span> 
     </span>
    </p>

    <p class='ocr_par' dir='ltr' id='par_1_26' title="bbox 126 1913 756 1976">
     <span class='ocr_line' id='line_1_27' title="bbox 126 1913 756 1976; baseline -0.002 -15"><span class='ocrx_word' id='word_1_159' title='bbox 126 1914 216 1969; x_wconf 83' lang='lat' dir='ltr'>Audeo,</span> <span class='ocrx_word' id='word_1_160' title='bbox 228 1921 251 1961; x_wconf 88' lang='lat' dir='ltr'>et</span> <span class='ocrx_word' id='word_1_161' title='bbox 262 1913 391 1961; x_wconf 79' lang='lat' dir='ltr'>AEneadum</span> <span class='ocrx_word' id='word_1_162' title='bbox 402 1914 511 1976; x_wconf 85' lang='lat' dir='ltr'>promitto</span> <span class='ocrx_word' id='word_1_163' title='bbox 521 1927 640 1960; x_wconf 85' lang='lat' dir='ltr'>occurrere</span> <span class='ocrx_word' id='word_1_164' title='bbox 650 1919 741 1970; x_wconf 76' lang='lat' dir='ltr'>turmae,</span> <span class='ocrx_word' id='word_1_165' title='bbox 753 1913 756 1919; x_wconf 80' lang='grc'><em>“</em></span> 
     </span>
    </p>

    <p class='ocr_par' dir='ltr' id='par_1_27' title="bbox 127 1977 681 2041">
     <span class='ocr_line' id='line_1_28' title="bbox 127 1977 681 2041; baseline -0.004 -15"><span class='ocrx_word' id='word_1_166' title='bbox 127 1979 225 2040; x_wconf 84' lang='lat' dir='ltr'>Solaque</span> <span class='ocrx_word' id='word_1_167' title='bbox 234 1978 367 2041; x_wconf 72' lang='lat' dir='ltr'>Tyrrhenos</span> <span class='ocrx_word' id='word_1_168' title='bbox 377 1979 465 2040; x_wconf 72' lang='lat' dir='ltr'>equites</span> <span class='ocrx_word' id='word_1_169' title='bbox 475 1977 509 2024; x_wconf 89' lang='lat' dir='ltr'>ire</span> <span class='ocrx_word' id='word_1_170' title='bbox 518 1979 586 2025; x_wconf 87' lang='lat' dir='ltr'>obvia</span> <span class='ocrx_word' id='word_1_171' title='bbox 595 1985 681 2025; x_wconf 90' lang='lat' dir='ltr'>contra.</span> 
     </span>
    </p>

    <p class='ocr_par' dir='ltr' id='par_1_28' title="bbox 127 2042 676 2107">
     <span class='ocr_line' id='line_1_29' title="bbox 127 2042 676 2107; baseline -0.004 -15"><span class='ocrx_word' id='word_1_172' title='bbox 127 2044 171 2092; x_wconf 89' lang='lat' dir='ltr'>Me</span> <span class='ocrx_word' id='word_1_173' title='bbox 182 2045 230 2091; x_wconf 88' lang='lat' dir='ltr'>aine</span> <span class='ocrx_word' id='word_1_174' title='bbox 240 2046 312 2107; x_wconf 87' lang='lat' dir='ltr'>prima</span> <span class='ocrx_word' id='word_1_175' title='bbox 322 2055 391 2091; x_wconf 88' lang='lat' dir='ltr'>manu</span> <span class='ocrx_word' id='word_1_176' title='bbox 401 2051 489 2090; x_wconf 87' lang='lat' dir='ltr'>tentare</span> <span class='ocrx_word' id='word_1_177' title='bbox 500 2042 598 2106; x_wconf 86' lang='lat' dir='ltr'>pericula</span> <span class='ocrx_word' id='word_1_178' title='bbox 606 2043 676 2090; x_wconf 81' lang='lat' dir='ltr'>belli:</span> 
     </span>
    </p>

    <p class='ocr_par' dir='ltr' id='par_1_29' title="bbox 127 2108 789 2237">
     <span class='ocr_line' id='line_1_30' title="bbox 127 2108 702 2171; baseline 0.002 -15"><span class='ocrx_word' id='word_1_179' title='bbox 127 2108 165 2156; x_wconf 80' lang='lat' dir='ltr'>&#39;l&#39;u</span> <span class='ocrx_word' id='word_1_180' title='bbox 177 2109 246 2171; x_wconf 85' lang='lat' dir='ltr'>pedes</span> <span class='ocrx_word' id='word_1_181' title='bbox 257 2109 284 2155; x_wconf 86' lang='lat' dir='ltr'>ad</span> <span class='ocrx_word' id='word_1_182' title='bbox 295 2125 372 2156; x_wconf 81' lang='lat' dir='ltr'>muros</span> <span class='ocrx_word' id='word_1_183' title='bbox 384 2108 487 2166; x_wconf 70' lang='lat' dir='ltr'>subsiste,</span> <span class='ocrx_word' id='word_1_184' title='bbox 498 2115 522 2155; x_wconf 89' lang='lat' dir='ltr'>et</span> <span class='ocrx_word' id='word_1_185' title='bbox 532 2109 617 2155; x_wconf 88' lang='lat' dir='ltr'>moeuia</span> <span class='ocrx_word' id='word_1_186' title='bbox 627 2122 702 2157; x_wconf 73' lang='lat' dir='ltr'>aerea.</span> 
     </span>
     <span class='ocr_line' id='line_1_31' title="bbox 158 2171 789 2237; baseline 0.005 -18"><span class='ocrx_word' id='word_1_187' title='bbox 158 2172 251 2220; x_wconf 83' lang='lat' dir='ltr'>Turnua</span> <span class='ocrx_word' id='word_1_188' title='bbox 262 2174 290 2220; x_wconf 89' lang='lat' dir='ltr'>ad</span> <span class='ocrx_word' id='word_1_189' title='bbox 301 2174 357 2230; x_wconf 79' lang='lat' dir='ltr'>lraec,</span> <span class='ocrx_word' id='word_1_190' title='bbox 368 2174 447 2222; x_wconf 74' lang='lat' dir='ltr'>oculos</span> <span class='ocrx_word' id='word_1_191' title='bbox 458 2171 570 2221; x_wconf 69' lang='lat' dir='ltr'>horrendi</span> <span class='ocrx_word' id='word_1_192' title='bbox 579 2174 604 2221; x_wconf 88' lang='lat' dir='ltr'>iu</span> <span class='ocrx_word' id='word_1_193' title='bbox 614 2175 707 2237; x_wconf 74' lang='lat' dir='ltr'>virgine</span> <span class='ocrx_word' id='word_1_194' title='bbox 716 2173 789 2223; x_wconf 71' lang='lat' dir='ltr'>fixus:</span> 
     </span>
    </p>

    <p class='ocr_par' dir='ltr' id='par_1_30' title="bbox 65 2235 660 2303">
     <span class='ocr_line' id='line_1_32' title="bbox 65 2235 660 2303; baseline -0.003 -15"><span class='ocrx_word' id='word_1_195' title='bbox 65 2295 68 2301; x_wconf 35' lang='grc' dir='ltr'>Ι</span> <span class='ocrx_word' id='word_1_196' title='bbox 121 2235 149 2288; x_wconf 82' lang='grc'>’0</span> <span class='ocrx_word' id='word_1_197' title='bbox 160 2240 228 2286; x_wconf 85' lang='lat' dir='ltr'>decus</span> <span class='ocrx_word' id='word_1_198' title='bbox 239 2236 319 2294; x_wconf 81' lang='lat' dir='ltr'>Italiae,</span> <span class='ocrx_word' id='word_1_199' title='bbox 330 2238 411 2303; x_wconf 78' lang='lat' dir='ltr'>virgo!</span> <span class='ocrx_word' id='word_1_200' title='bbox 425 2254 480 2300; x_wconf 82' lang='lat' dir='ltr'>quaa</span> <span class='ocrx_word' id='word_1_201' title='bbox 490 2238 565 2286; x_wconf 83' lang='lat' dir='ltr'>dicere</span> <span class='ocrx_word' id='word_1_202' title='bbox 575 2245 660 2302; x_wconf 80' lang='lat' dir='ltr'>grates,</span> 
     </span>
    </p>

    <p class='ocr_par' dir='ltr' id='par_1_31' title="bbox 127 2301 787 2369">
     <span class='ocr_line' id='line_1_33' title="bbox 127 2301 787 2369; baseline 0 -17"><span class='ocrx_word' id='word_1_203' title='bbox 127 2306 221 2360; x_wconf 72' lang='lat' dir='ltr'>Quaere</span> <span class='ocrx_word' id='word_1_204' title='bbox 231 2301 315 2350; x_wconf 76' lang='lat' dir='ltr'>referre</span> <span class='ocrx_word' id='word_1_205' title='bbox 324 2304 420 2366; x_wconf 80' lang='lat' dir='ltr'>parem?</span> <span class='ocrx_word' id='word_1_206' title='bbox 436 2304 476 2352; x_wconf 78' lang='lat' dir='ltr'>sed</span> <span class='ocrx_word' id='word_1_207' title='bbox 486 2318 554 2360; x_wconf 85' lang='lat' dir='ltr'>nunc,</span> <span class='ocrx_word' id='word_1_208' title='bbox 565 2312 601 2352; x_wconf 85' lang='lat' dir='ltr'>eet</span> <span class='ocrx_word' id='word_1_209' title='bbox 612 2306 689 2353; x_wconf 89' lang='lat' dir='ltr'>omnia</span> <span class='ocrx_word' id='word_1_210' title='bbox 699 2305 787 2369; x_wconf 82' lang='lat' dir='ltr'>quando</span> 
     </span>
    </p>

    <p class='ocr_par' dir='ltr' id='par_1_32' title="bbox 126 2367 793 2432">
     <span class='ocr_line' id='line_1_34' title="bbox 126 2367 793 2432; baseline 0.001 -16"><span class='ocrx_word' id='word_1_211' title='bbox 126 2368 178 2416; x_wconf 82' lang='lat' dir='ltr'>lete</span> <span class='ocrx_word' id='word_1_212' title='bbox 186 2367 274 2415; x_wconf 83' lang='lat' dir='ltr'>animus</span> <span class='ocrx_word' id='word_1_213' title='bbox 285 2382 359 2429; x_wconf 80' lang='lat' dir='ltr'>eupra,</span> <span class='ocrx_word' id='word_1_214' title='bbox 371 2384 461 2416; x_wconf 86' lang='lat' dir='ltr'>mecum</span> <span class='ocrx_word' id='word_1_215' title='bbox 471 2370 555 2432; x_wconf 87' lang='lat' dir='ltr'>partire</span> <span class='ocrx_word' id='word_1_216' title='bbox 564 2369 674 2417; x_wconf 87' lang='lat' dir='ltr'>laborem.</span> <span class='ocrx_word' id='word_1_217' title='bbox 748 2374 793 2419; x_wconf 83' lang='lat'>510</span> 
     </span>
    </p>

    <p class='ocr_par' dir='ltr' id='par_1_33' title="bbox 127 2431 652 2497">
     <span class='ocr_line' id='line_1_35' title="bbox 127 2431 652 2497; baseline 0.004 -18"><span class='ocrx_word' id='word_1_218' title='bbox 127 2434 221 2487; x_wconf 85' lang='lat' dir='ltr'>AEneas,</span> <span class='ocrx_word' id='word_1_219' title='bbox 233 2439 258 2478; x_wconf 91' lang='lat' dir='ltr'>ut</span> <span class='ocrx_word' id='word_1_220' title='bbox 268 2431 329 2479; x_wconf 83' lang='lat' dir='ltr'>lama</span> <span class='ocrx_word' id='word_1_221' title='bbox 338 2431 406 2480; x_wconf 87' lang='lat' dir='ltr'>tidem</span> <span class='ocrx_word' id='word_1_222' title='bbox 417 2435 526 2495; x_wconf 74' lang='lat' dir='ltr'>missique</span> <span class='ocrx_word' id='word_1_223' title='bbox 536 2442 652 2497; x_wconf 87' lang='lat' dir='ltr'>reportant</span> 
     </span>
    </p>

    <p class='ocr_par' dir='ltr' id='par_1_34' title="bbox 70 2497 677 2560">
     <span class='ocr_line' id='line_1_36' title="bbox 70 2497 677 2560; baseline 0.002 -16"><span class='ocrx_word' id='word_1_224' title='bbox 70 2519 75 2527; x_wconf 92' lang='lat'>·</span> <span class='ocrx_word' id='word_1_225' title='bbox 125 2497 297 2558; x_wconf 81' lang='lat' dir='ltr'>Exploratores,</span> <span class='ocrx_word' id='word_1_226' title='bbox 308 2498 409 2557; x_wconf 89' lang='lat' dir='ltr'>equitum</span> <span class='ocrx_word' id='word_1_227' title='bbox 419 2498 479 2545; x_wconf 83' lang='lat' dir='ltr'>levia</span> <span class='ocrx_word' id='word_1_228' title='bbox 490 2500 604 2560; x_wconf 73' lang='lat' dir='ltr'>improbus</span> <span class='ocrx_word' id='word_1_229' title='bbox 614 2513 677 2560; x_wconf 82' lang='lat' dir='ltr'>arma</span> 
     </span>
    </p>

    <p class='ocr_par' dir='ltr' id='par_1_35' title="bbox 125 2560 740 2624">
     <span class='ocr_line' id='line_1_37' title="bbox 125 2560 740 2624; baseline 0.01 -19"><span class='ocrx_word' id='word_1_230' title='bbox 125 2560 246 2614; x_wconf 86' lang='lat' dir='ltr'>Praemlsit,</span> <span class='ocrx_word' id='word_1_231' title='bbox 258 2567 376 2621; x_wconf 81' lang='lat' dir='ltr'>quaterent</span> <span class='ocrx_word' id='word_1_232' title='bbox 386 2576 493 2624; x_wconf 78' lang='lat' dir='ltr'>campos:</span> <span class='ocrx_word' id='word_1_233' title='bbox 514 2564 562 2624; x_wconf 86' lang='lat' dir='ltr'>ipse</span> <span class='ocrx_word' id='word_1_234' title='bbox 573 2563 642 2610; x_wconf 88' lang='lat' dir='ltr'>ardua</span> <span class='ocrx_word' id='word_1_235' title='bbox 652 2565 740 2612; x_wconf 82' lang='lat' dir='ltr'>montis</span> 
     </span>
    </p>

    <p class='ocr_par' dir='ltr' id='par_1_36' title="bbox 125 2621 709 2690">
     <span class='ocr_line' id='line_1_38' title="bbox 125 2621 709 2690; baseline 0.015 -23"><span class='ocrx_word' id='word_1_236' title='bbox 125 2622 171 2669; x_wconf 90' lang='lat' dir='ltr'>Per</span> <span class='ocrx_word' id='word_1_237' title='bbox 181 2621 269 2690; x_wconf 82' lang='lat' dir='ltr'>deserta</span> <span class='ocrx_word' id='word_1_238' title='bbox 274 2625 333 2685; x_wconf 75' lang='lat' dir='ltr'>Jugo</span> <span class='ocrx_word' id='word_1_239' title='bbox 345 2641 453 2687; x_wconf 83' lang='lat' dir='ltr'>auperaua</span> <span class='ocrx_word' id='word_1_240' title='bbox 464 2628 571 2675; x_wconf 80' lang='lat' dir='ltr'>adventat</span> <span class='ocrx_word' id='word_1_241' title='bbox 581 2629 609 2674; x_wconf 82' lang='lat' dir='ltr'>ad</span> <span class='ocrx_word' id='word_1_242' title='bbox 621 2629 709 2677; x_wconf 86' lang='lat' dir='ltr'>urbem.</span> 
     </span>
    </p>

    <p class='ocr_par' dir='ltr' id='par_1_37' title="bbox 125 2685 660 2748">
     <span class='ocr_line' id='line_1_39' title="bbox 125 2685 660 2748; baseline 0.015 -16"><span class='ocrx_word' id='word_1_243' title='bbox 125 2685 196 2733; x_wconf 82' lang='lat' dir='ltr'>Furta</span> <span class='ocrx_word' id='word_1_244' title='bbox 206 2701 261 2748; x_wconf 89' lang='lat' dir='ltr'>paro</span> <span class='ocrx_word' id='word_1_245' title='bbox 272 2688 324 2734; x_wconf 87' lang='lat' dir='ltr'>belli</span> <span class='ocrx_word' id='word_1_246' title='bbox 335 2704 439 2738; x_wconf 83' lang='lat' dir='ltr'>convexo</span> <span class='ocrx_word' id='word_1_247' title='bbox 450 2691 474 2738; x_wconf 86' lang='lat' dir='ltr'>in</span> <span class='ocrx_word' id='word_1_248' title='bbox 485 2693 576 2740; x_wconf 84' lang='lat' dir='ltr'>tramite</span> <span class='ocrx_word' id='word_1_249' title='bbox 587 2692 660 2748; x_wconf 71' lang='lat' dir='ltr'>sitve,</span> 
     </span>
    </p>
   </div>
   <div class='ocr_carea' id='block_1_3' title="bbox 0 0 860 2925">
    <p class='ocr_par' dir='ltr' id='par_1_38' title="bbox 0 0 860 2925">
     <span class='ocr_line' id='line_1_40' title="bbox 0 0 860 2925; baseline 0 0"><span class='ocrx_word' id='word_1_250' title='bbox 0 0 860 2925; x_wconf 95' lang='lat' dir='ltr'> </span> 
     </span>
    </p>
   </div>
   <div class='ocr_carea' id='block_1_4' title="bbox 853 2309 856 2870">
    <p class='ocr_par' dir='ltr' id='par_1_39' title="bbox 853 2309 856 2870">
     <span class='ocr_line' id='line_1_41' title="bbox 853 2309 856 2870; baseline 0 0"><span class='ocrx_word' id='word_1_251' title='bbox 853 2309 856 2870; x_wconf 95' lang='lat' dir='ltr'> </span> 
     </span>
    </p>
   </div>
  </div>
 </body>
</html>
