1709 2925
150 114 201 160 {60
337 107 501 160 AENEIDOS
516 108 570 159 Iun
581 108 628 159 IV.

153 240 286 288 Pectoribus
296 240 383 288 inhians
393 241 501 303 spirantia
511 242 607 288 consulit
617 248 678 291 enta.

153 304 209 353 Heu
220 312 297 353 vatum
307 306 394 367 ignarae
404 305 506 353 mentes!
524 307 578 367 quid
589 315 644 354 vota
653 307 774 362 furenteis,

90 428 91 433 ¹
153 369 215 425 Quid
226 370 316 417 delubra
321 370 421 432 Juvan'ti
449 370 494 418 Est
504 371 579 418 mullis
590 370 683 420 flamma
692 374 807 421 medullae

151 432 251 490 Interes.
262 443 285 482 et
296 436 388 482 tacitum
399 435 457 482 vivit
468 436 509 482 sub
518 443 609 497 pectore
619 437 713 486 vulnus.

153 498 234 547 Uritur
244 499 322 546 infelix
333 499 403 556 Dido,
414 499 508 561 totique
518 510 615 562 vagatur

153 563 217 612 Urbe
226 564 320 623 furens3
336 565 408 626 qualis
418 563 521 627 conjecti
531 580 599 613 cerva
609 566 701 628 regilli,

153 629 229 683 Quam
239 630 318 691 prooul
328 631 441 677 incautam
452 645 544 677 nemora
553 632 613 678 inter
624 629 719 680 Cressis
728 631 778 680 trit

151 692 234 741 Pastor
245 710 316 758 agens
326 695 384 751 telis,
395 696 503 756 liquitque
513 695 604 742 volatile
613 695 699 743 fernum
785 698 819 745 71

121 812 124 817 ,
151 757 265 819 Nescius;
282 761 320 807 illa
329 759 386 823 fugi
396 760 464 807 silvas
475 760 588 822 saltusque
599 769 706 824 peragrat

151 822 273 883 Diotaeos3
289 826 361 872 haeret
369 825 434 872 lateri
444 824 517 872 letalis
527 826 621 873 arundo.

151 888 223 937 Nune
232 890 306 937 media
315 890 407 937 AEuean
417 904 495 937 seeum
505 905 546 951 per
555 891 641 937 moenia
650 889 722 947 ducit,

151 953 299 1016 Sidoniasque
309 962 408 1002 ostentat
418 970 480 1017 opes,
490 956 611 1016 urbemque
621 963 735 1017 paratam

150 1017 235 1083 Incipit
244 1019 313 1075 effus,
323 1018 440 1081 mediique
450 1021 474 1066 in
484 1035 541 1067 vooe
551 1021 640 1068 resistit.

148 1083 222 1132 Nune
232 1085 316 1140 adem,
326 1085 415 1132 labente
425 1085 470 1142 die,
481 1086 585 1133 convivia
596 1085 683 1147 querit,

150 1146 278 1210 Iliacosque
287 1150 369 1196 lterum
380 1150 473 1197 demens
483 1150 559 1197 audire
568 1151 656 1198 labores

150 1213 269 1277 Exposuit,
279 1215 406 1277 pendetque
416 1216 497 1261 iterum
509 1216 620 1263 narrantis
629 1216 658 1263 ab
668 1229 716 1263 ore·

151 1277 215 1335 Post,
227 1280 264 1326 ubi
275 1280 376 1343 digressi.
386 1280 508 1342 lumenque
517 1281 611 1327 obseura
621 1280 723 1327 vicissim
786 1283 820 1328 80

149 1342 219 1392 Luna
228 1347 315 1406 premit,
327 1345 466 1405 suadentque
476 1345 579 1392 cadentia
590 1345 662 1392 sidera
673 1359 776 1399 somnos,

152 1408 206 1456 Sola
214 1410 284 1456 domo
295 1417 377 1456 moeret
386 1408 464 1467 saeui,
476 1411 595 1473 stratisque
605 1409 690 1458 relictis

72 1525 74 1532 ¹
150 1472 252 1521 Incubet.
276 1473 344 1522 Illum
356 1476 436 1523 absens
446 1477 560 1523 absentem
571 1476 677 1537 auditque
687 1476 806 1539 videtque

149 1538 200 1588 Aut
210 1539 298 1601 gremio
309 1541 440 1595 Ascanium,
451 1542 561 1603 genituris
571 1542 670 1603 imagine
680 1549 755 1604 capta,

150 1602 255 1659 Detinet,
266 1604 382 1651 infandum
394 1606 413 1652 si
423 1606 502 1653 fallere
512 1607 583 1669 possit
593 1621 702 1654 amorem.

149 1668 206 1717 Non
217 1676 299 1732 ooeptre
309 1678 432 1733 assurgunt
440 1679 529 1730 turres;
546 1685 592 1719 non
603 1672 786 1735 armajuventus

150 1733 265 1792 Exercet3
281 1742 389 1797 portusve
399 1743 440 1782 aut
448 1736 615 1798 propugnacula
624 1736 685 1786 bello

149 1797 211 1850 Tun
220 1809 315 1864 perant:
334 1800 432 1863 pendent
443 1816 512 1863 opera
521 1802 652 1864 iutermpta,
663 1803 780 1865 minusque

149 1864 270 1914 Muranum
282 1867 395 1929 lugentes,
406 1873 539 1927 aequamque
548 1867 652 1914 machina
661 1867 731 1915 uoelo.

183 1931 258 1985 Quam
270 1933 338 1979 simul
348 1947 374 1979 ae
385 1932 424 1978 tali
435 1932 546 1992 persensit
557 1940 621 1993 peste
630 1931 704 1979 teneri
786 1932 819 1979 90

150 1991 211 2042 Cara
220 1995 287 2044 Jovls
298 1998 388 2059 conjux,
400 2010 442 2043 nec
453 1995 536 2044 lauram
547 1998 636 2043 obstsre
646 1996 726 2053 liuori,

148 2058 243 2106 Talibus
254 2062 384 2123 aggreditur
394 2060 509 2108 Venerem
521 2060 626 2108 wamia
636 2062 719 2109 dietiss

148 2122 274 2186 Egrqism
286 2141 340 2173 vero
350 2126 439 2173 laudem
450 2133 474 2173 et
484 2126 555 2187 spolia
564 2126 639 2187 ampla
649 2125 741 2174 refertis

148 2186 231 2249 Tuque
245 2203 345 2251 puerque
359 2198 429 2249 tuus3
446 2206 555 2253 magnum
571 2199 596 2240 et
611 2191 759 2240 memorabile
774 2203 816 2238 nu·

245 2268 305 2308 men,

149 2315 205 2364 Una
214 2317 267 2366 dolo
278 2319 366 2367 Divum
378 2321 397 2367 si
406 2319 492 2368 lernina
501 2322 561 2369 vieta
571 2322 666 2369 duorum
677 2328 722 2372 etl.

148 2381 201 2430 Nee
212 2398 249 2430 me
259 2384 315 2431 adeo
325 2384 388 2440 fallit,
400 2386 494 2433 veritam
505 2394 529 2434 te
538 2387 623 2433 moenia
636 2394 722 2443 nostra,

147 2448 271 2512 Suspectus
281 2450 384 2497 habuisse
394 2451 474 2498 domos
486 2448 632 2513 Carthaginis
641 2451 704 2499 altae.

149 2511 195 2559 Sed
205 2514 255 2574 quis
266 2515 309 2561 erit
319 2515 416 2562 modus?
426 2523 467 2562 aut
477 2531 522 2577 quo
533 2531 593 2563 nunc
603 2517 730 2564 oertaminn
737 2512 814 2563 tanta?

149 2575 212 2631 Quin
222 2579 298 2639 potius
307 2594 385 2641 pacem
396 2585 504 2627 aeternam
514 2588 637 2642 pectusque
648 2580 794 2641 Hymeaaeos

148 2638 305 2691 Exercemusi
322 2644 396 2700 babes,
408 2643 457 2693 toti
466 2646 528 2706 quod
538 2652 615 2694 mente
624 2644 717 2709 petistis
770 2648 815 2693 100
