<?xml version="1.0" encoding="UTF-8"?>
<!DOCTYPE html PUBLIC "-//W3C//DTD XHTML 1.0 Transitional//EN"
    "http://www.w3.org/TR/xhtml1/DTD/xhtml1-transitional.dtd">
<html xmlns="http://www.w3.org/1999/xhtml" xml:lang="en" lang="en">
 <head>
  <title>
</title>
<meta http-equiv="Content-Type" content="text/html;charset=utf-8" />
  <meta name='ocr-system' content='tesseract 3.04.00' />
  <meta name='ocr-capabilities' content='ocr_page ocr_carea ocr_par ocr_line ocrx_word'/>
</head>
<body>
  <div class='ocr_page' id='page_1' title='image "./pvirgiliimaroni00heyngoog/pvirgiliimaroni00heyngoog_0070.png"; bbox 0 0 1709 2925; ppageno 0'>
   <div class='ocr_carea' id='block_1_1' title="bbox 125 51 666 152">
    <p class='ocr_par' dir='ltr' id='par_1_1' title="bbox 125 51 666 152">
     <span class='ocr_line' id='line_1_1' title="bbox 125 51 666 152; baseline -0.004 0"><span class='ocrx_word' id='word_1_1' title='bbox 125 106 162 152; x_wconf 73' lang='lat' dir='ltr'>co</span> <span class='ocrx_word' id='word_1_2' title='bbox 306 51 501 150; x_wconf 66' lang='lat' dir='ltr'>›croscscu</span> <span class='ocrx_word' id='word_1_3' title='bbox 516 95 615 150; x_wconf 58' lang='lat' dir='ltr'>nnn</span> <span class='ocrx_word' id='word_1_4' title='bbox 647 99 666 108; x_wconf 56' lang='grc'>·’</span> 
     </span>
    </p>
   </div>
   <div class='ocr_carea' id='block_1_2' title="bbox 14 225 795 1783">
    <p class='ocr_par' dir='ltr' id='par_1_2' title="bbox 14 225 740 356">
     <span class='ocr_line' id='line_1_2' title="bbox 14 225 740 294; baseline 0.003 -15"><span class='ocrx_word' id='word_1_5' title='bbox 14 231 15 262; x_wconf 65' lang='lat'><em>³</em></span> <span class='ocrx_word' id='word_1_6' title='bbox 129 229 200 279; x_wconf 82' lang='lat' dir='ltr'>Sscrs</span> <span class='ocrx_word' id='word_1_7' title='bbox 208 225 285 286; x_wconf 65' lang='lat' dir='ltr'>dedrn</span> <span class='ocrx_word' id='word_1_8' title='bbox 294 227 410 290; x_wconf 83' lang='lat' dir='ltr'>ssnc&#39;tique</span> <span class='ocrx_word' id='word_1_9' title='bbox 419 235 508 292; x_wconf 81' lang='lat' dir='ltr'>patres:</span> <span class='ocrx_word' id='word_1_10' title='bbox 526 236 627 278; x_wconf 83' lang='lat' dir='ltr'>extrema</span> <span class='ocrx_word' id='word_1_11' title='bbox 637 245 677 294; x_wconf 89' lang='lat' dir='ltr'>per</span> <span class='ocrx_word' id='word_1_12' title='bbox 686 233 740 283; x_wconf 85' lang='lat' dir='ltr'>illos</span> 
     </span>
     <span class='ocr_line' id='line_1_3' title="bbox 81 293 594 356; baseline -0.006 -11"><span class='ocrx_word' id='word_1_13' title='bbox 81 331 85 336; x_wconf 85' lang='lat'>-</span> <span class='ocrx_word' id='word_1_14' title='bbox 127 294 222 345; x_wconf 83' lang='lat' dir='ltr'>Justitiu</span> <span class='ocrx_word' id='word_1_15' title='bbox 230 294 343 342; x_wconf 86' lang='lat' dir='ltr'>excedens</span> <span class='ocrx_word' id='word_1_16' title='bbox 351 295 418 342; x_wconf 86' lang='lat' dir='ltr'>terris</span> <span class='ocrx_word' id='word_1_17' title='bbox 427 294 524 356; x_wconf 81' lang='lat' dir='ltr'>vestigia</span> <span class='ocrx_word' id='word_1_18' title='bbox 532 293 594 342; x_wconf 78' lang='lat' dir='ltr'>fecit.</span> 
     </span>
    </p>

    <p class='ocr_par' dir='ltr' id='par_1_3' title="bbox 129 354 795 874">
     <span class='ocr_line' id='line_1_4' title="bbox 161 354 706 420; baseline 0.002 -13"><span class='ocrx_word' id='word_1_19' title='bbox 161 359 205 407; x_wconf 90' lang='lat' dir='ltr'>Me</span> <span class='ocrx_word' id='word_1_20' title='bbox 214 372 269 406; x_wconf 83' lang='lat' dir='ltr'>vero</span> <span class='ocrx_word' id='word_1_21' title='bbox 279 354 377 420; x_wconf 78' lang='lat' dir='ltr'>primum</span> <span class='ocrx_word' id='word_1_22' title='bbox 387 357 464 406; x_wconf 87' lang='lat' dir='ltr'>dulces</span> <span class='ocrx_word' id='word_1_23' title='bbox 473 365 526 405; x_wconf 84' lang='lat' dir='ltr'>ante</span> <span class='ocrx_word' id='word_1_24' title='bbox 536 360 611 407; x_wconf 83' lang='lat' dir='ltr'>omnia</span> <span class='ocrx_word' id='word_1_25' title='bbox 622 359 706 419; x_wconf 81' lang='lat' dir='ltr'>Mnsae,</span> 
     </span>
     <span class='ocr_line' id='line_1_5' title="bbox 130 420 723 485; baseline -0.003 -14"><span class='ocrx_word' id='word_1_26' title='bbox 130 423 234 479; x_wconf 79' lang='lat' dir='ltr'>Qusrum</span> <span class='ocrx_word' id='word_1_27' title='bbox 245 437 307 471; x_wconf 82' lang='lat' dir='ltr'>sacra</span> <span class='ocrx_word' id='word_1_28' title='bbox 316 420 365 469; x_wconf 84' lang='lat' dir='ltr'>lero</span> <span class='ocrx_word' id='word_1_29' title='bbox 374 423 463 485; x_wconf 80' lang='lat' dir='ltr'><strong>ingenti</strong></span> <span class='ocrx_word' id='word_1_30' title='bbox 473 438 593 484; x_wconf 87' lang='lat' dir='ltr'>percussus</span> <span class='ocrx_word' id='word_1_31' title='bbox 602 439 685 481; x_wconf 76' lang='lat' dir='ltr'>amore,</span> <span class='ocrx_word' id='word_1_32' title='bbox 720 463 723 469; x_wconf 73' lang='grc'>,</span> 
     </span>
     <span class='ocr_line' id='line_1_6' title="bbox 129 487 704 554; baseline 0.003 -18"><span class='ocrx_word' id='word_1_33' title='bbox 129 488 250 551; x_wconf 80' lang='lat' dir='ltr'>Accipiunt</span> <span class='ocrx_word' id='word_1_34' title='bbox 258 506 266 547; x_wconf 88' lang='lat'>;</span> <span class='ocrx_word' id='word_1_35' title='bbox 280 487 379 548; x_wconf 83' lang='lat' dir='ltr'>coellque</span> <span class='ocrx_word' id='word_1_36' title='bbox 388 488 438 534; x_wconf 81' lang='lat' dir='ltr'>vias</span> <span class='ocrx_word' id='word_1_37' title='bbox 448 494 473 534; x_wconf 91' lang='lat' dir='ltr'>et</span> <span class='ocrx_word' id='word_1_38' title='bbox 482 488 555 536; x_wconf 77' lang='lat' dir='ltr'>siden</span> <span class='ocrx_word' id='word_1_39' title='bbox 564 487 691 539; x_wconf 81' lang='lat' dir='ltr'>monstrent</span> <span class='ocrx_word' id='word_1_40' title='bbox 696 510 704 554; x_wconf 64' lang='grc' dir='ltr'><strong><em>ς</em></strong></span> 
     </span>
     <span class='ocr_line' id='line_1_7' title="bbox 129 551 624 614; baseline -0.006 -11"><span class='ocrx_word' id='word_1_41' title='bbox 129 552 242 602; x_wconf 74' lang='lat' dir='ltr'>Defectus</span> <span class='ocrx_word' id='word_1_42' title='bbox 253 552 308 600; x_wconf 84' lang='lat' dir='ltr'>solis</span> <span class='ocrx_word' id='word_1_43' title='bbox 316 553 397 608; x_wconf 79' lang='lat' dir='ltr'>varios,</span> <span class='ocrx_word' id='word_1_44' title='bbox 407 551 512 614; x_wconf 74' lang='lat' dir='ltr'>lunaeque</span> <span class='ocrx_word' id='word_1_45' title='bbox 521 553 624 611; x_wconf 56' lang='lat' dir='ltr'>laborem</span> 
     </span>
     <span class='ocr_line' id='line_1_8' title="bbox 130 614 751 676; baseline 0.006 -10"><span class='ocrx_word' id='word_1_46' title='bbox 130 618 201 666; x_wconf 86' lang='lat' dir='ltr'>Unde</span> <span class='ocrx_word' id='word_1_47' title='bbox 210 625 296 667; x_wconf 81' lang='lat' dir='ltr'>tremor</span> <span class='ocrx_word' id='word_1_48' title='bbox 305 618 371 664; x_wconf 65' lang='lat' dir='ltr'>turis</span> <span class='ocrx_word' id='word_1_49' title='bbox 379 633 386 674; x_wconf 83' lang='lat'>3</span> <span class='ocrx_word' id='word_1_50' title='bbox 401 614 447 676; x_wconf 76' lang='lat' dir='ltr'>qui</span> <span class='ocrx_word' id='word_1_51' title='bbox 456 618 479 663; x_wconf 81' lang='lat' dir='ltr'>ri</span> <span class='ocrx_word' id='word_1_52' title='bbox 489 619 560 664; x_wconf 78' lang='lat' dir='ltr'>marin</span> <span class='ocrx_word' id='word_1_53' title='bbox 569 618 615 666; x_wconf 79' lang='lat' dir='ltr'>alta</span> <span class='ocrx_word' id='word_1_54' title='bbox 624 626 751 671; x_wconf 78' lang='lat' dir='ltr'>tumescant</span> 
     </span>
     <span class='ocr_line' id='line_1_9' title="bbox 129 682 795 746; baseline 0.002 -15"><span class='ocrx_word' id='word_1_55' title='bbox 129 682 244 746; x_wconf 70' lang='lat' dir='ltr'><strong>objicibus</strong></span> <span class='ocrx_word' id='word_1_56' title='bbox 254 682 333 745; x_wconf 86' lang='lat' dir='ltr'>ruptis,</span> <span class='ocrx_word' id='word_1_57' title='bbox 343 695 465 742; x_wconf 72' lang='lat' dir='ltr'>rursusque</span> <span class='ocrx_word' id='word_1_58' title='bbox 473 683 497 728; x_wconf 88' lang='lat' dir='ltr'>in</span> <span class='ocrx_word' id='word_1_59' title='bbox 509 683 591 744; x_wconf 87' lang='lat' dir='ltr'>seipsa</span> <span class='ocrx_word' id='word_1_60' title='bbox 600 684 699 732; x_wconf 80' lang='lat' dir='ltr'>residunt</span> <span class='ocrx_word' id='word_1_61' title='bbox 705 703 714 743; x_wconf 71' lang='grc' dir='ltr'><strong><em>ς</em></strong></span> <span class='ocrx_word' id='word_1_62' title='bbox 745 694 795 741; x_wconf 78' lang='grc'>480</span> 
     </span>
     <span class='ocr_line' id='line_1_10' title="bbox 131 747 730 811; baseline 0.008 -17"><span class='ocrx_word' id='word_1_63' title='bbox 131 747 194 803; x_wconf 80' lang='lat' dir='ltr'>Quid</span> <span class='ocrx_word' id='word_1_64' title='bbox 204 754 293 795; x_wconf 79' lang='lat' dir='ltr'>tanturm</span> <span class='ocrx_word' id='word_1_65' title='bbox 304 747 398 795; x_wconf 90' lang='lat' dir='ltr'>Oceano</span> <span class='ocrx_word' id='word_1_66' title='bbox 406 753 527 809; x_wconf 81' lang='lat' dir='ltr'>properent</span> <span class='ocrx_word' id='word_1_67' title='bbox 536 762 562 794; x_wconf 87' lang='lat' dir='ltr'>se</span> <span class='ocrx_word' id='word_1_68' title='bbox 572 748 661 811; x_wconf 79' lang='lat' dir='ltr'>tingere</span> <span class='ocrx_word' id='word_1_69' title='bbox 670 751 730 800; x_wconf 83' lang='lat' dir='ltr'>soles</span> 
     </span>
     <span class='ocr_line' id='line_1_11' title="bbox 130 812 699 874; baseline 0.002 -14"><span class='ocrx_word' id='word_1_70' title='bbox 130 812 234 869; x_wconf 86' lang='lat' dir='ltr'>Hiberni,</span> <span class='ocrx_word' id='word_1_71' title='bbox 245 813 283 860; x_wconf 83' lang='lat' dir='ltr'>uel</span> <span class='ocrx_word' id='word_1_72' title='bbox 292 827 344 874; x_wconf 78' lang='lat' dir='ltr'>quse</span> <span class='ocrx_word' id='word_1_73' title='bbox 354 812 423 858; x_wconf 88' lang='lat' dir='ltr'>tardis</span> <span class='ocrx_word' id='word_1_74' title='bbox 433 826 497 858; x_wconf 91' lang='lat' dir='ltr'>mora</span> <span class='ocrx_word' id='word_1_75' title='bbox 507 812 608 859; x_wconf 83' lang='lat' dir='ltr'>noctibus</span> <span class='ocrx_word' id='word_1_76' title='bbox 618 814 699 861; x_wconf 81' lang='lat' dir='ltr'>obstet.</span> 
     </span>
    </p>

    <p class='ocr_par' dir='ltr' id='par_1_4' title="bbox 129 875 698 1006">
     <span class='ocr_line' id='line_1_12' title="bbox 131 875 670 940; baseline -0.007 -13"><span class='ocrx_word' id='word_1_77' title='bbox 131 878 179 934; x_wconf 85' lang='lat' dir='ltr'>Sin,</span> <span class='ocrx_word' id='word_1_78' title='bbox 191 879 231 926; x_wconf 85' lang='lat' dir='ltr'>has</span> <span class='ocrx_word' id='word_1_79' title='bbox 242 894 271 926; x_wconf 90' lang='lat' dir='ltr'>ne</span> <span class='ocrx_word' id='word_1_80' title='bbox 280 878 365 940; x_wconf 87' lang='lat' dir='ltr'>possim</span> <span class='ocrx_word' id='word_1_81' title='bbox 376 882 464 923; x_wconf 72' lang='lat' dir='ltr'>naturae</span> <span class='ocrx_word' id='word_1_82' title='bbox 474 875 579 924; x_wconf 69' lang='lat' dir='ltr'>smedere</span> <span class='ocrx_word' id='word_1_83' title='bbox 589 885 670 939; x_wconf 65' lang='lat' dir='ltr'>parteg</span> 
     </span>
     <span class='ocr_line' id='line_1_13' title="bbox 129 941 698 1006; baseline 0.002 -16"><span class='ocrx_word' id='word_1_84' title='bbox 129 941 236 1006; x_wconf 75' lang='lat' dir='ltr'>Frigidus</span> <span class='ocrx_word' id='word_1_85' title='bbox 245 942 356 990; x_wconf 87' lang='lat' dir='ltr'>obstiterit</span> <span class='ocrx_word' id='word_1_86' title='bbox 365 941 449 988; x_wconf 88' lang='lat' dir='ltr'>circum</span> <span class='ocrx_word' id='word_1_87' title='bbox 459 942 582 1003; x_wconf 79' lang='lat' dir='ltr'>praecordia</span> <span class='ocrx_word' id='word_1_88' title='bbox 591 944 684 1005; x_wconf 68' lang='lat' dir='ltr'>unguis</span> <span class='ocrx_word' id='word_1_89' title='bbox 689 960 698 1001; x_wconf 87' lang='lat'>;</span> 
     </span>
    </p>

    <p class='ocr_par' dir='ltr' id='par_1_5' title="bbox 129 1005 779 1331">
     <span class='ocr_line' id='line_1_14' title="bbox 129 1005 714 1070; baseline 0.002 -15"><span class='ocrx_word' id='word_1_90' title='bbox 129 1006 195 1055; x_wconf 87' lang='lat' dir='ltr'>Rurs</span> <span class='ocrx_word' id='word_1_91' title='bbox 204 1008 259 1054; x_wconf 88' lang='lat' dir='ltr'>mihi</span> <span class='ocrx_word' id='word_1_92' title='bbox 269 1014 294 1054; x_wconf 89' lang='lat' dir='ltr'>et</span> <span class='ocrx_word' id='word_1_93' title='bbox 303 1007 362 1070; x_wconf 89' lang='lat' dir='ltr'>rigui</span> <span class='ocrx_word' id='word_1_94' title='bbox 371 1005 473 1069; x_wconf 74' lang='lat' dir='ltr'>plecesnt</span> <span class='ocrx_word' id='word_1_95' title='bbox 483 1006 507 1052; x_wconf 89' lang='lat' dir='ltr'>in</span> <span class='ocrx_word' id='word_1_96' title='bbox 517 1005 611 1053; x_wconf 77' lang='lat' dir='ltr'>vallrhus</span> <span class='ocrx_word' id='word_1_97' title='bbox 621 1022 698 1056; x_wconf 84' lang='lat' dir='ltr'>amnes</span> <span class='ocrx_word' id='word_1_98' title='bbox 706 1026 714 1068; x_wconf 89' lang='lat'>;</span> 
     </span>
     <span class='ocr_line' id='line_1_15' title="bbox 130 1070 779 1142; baseline 0.006 -22"><span class='ocrx_word' id='word_1_99' title='bbox 130 1071 237 1121; x_wconf 78' lang='lat' dir='ltr'>Flumina</span> <span class='ocrx_word' id='word_1_100' title='bbox 246 1086 320 1119; x_wconf 87' lang='lat' dir='ltr'>amem</span> <span class='ocrx_word' id='word_1_101' title='bbox 329 1071 442 1131; x_wconf 85' lang='lat' dir='ltr'>silvasque</span> <span class='ocrx_word' id='word_1_102' title='bbox 452 1070 569 1133; x_wconf 84' lang='lat' dir='ltr'>inglorius</span> <span class='ocrx_word' id='word_1_103' title='bbox 601 1071 637 1120; x_wconf 89' lang='lat'>0!</span> <span class='ocrx_word' id='word_1_104' title='bbox 650 1074 687 1120; x_wconf 89' lang='lat' dir='ltr'>nbi</span> <span class='ocrx_word' id='word_1_105' title='bbox 699 1078 779 1142; x_wconf 82' lang='lat' dir='ltr'>campi,</span> 
     </span>
     <span class='ocr_line' id='line_1_16' title="bbox 130 1134 710 1199; baseline 0 -13"><span class='ocrx_word' id='word_1_106' title='bbox 130 1137 308 1199; x_wconf 78' lang='lat' dir='ltr'>Spercheosque,</span> <span class='ocrx_word' id='word_1_107' title='bbox 319 1143 343 1183; x_wconf 91' lang='lat' dir='ltr'>et</span> <span class='ocrx_word' id='word_1_108' title='bbox 352 1136 477 1199; x_wconf 75' lang='lat' dir='ltr'>virginuus</span> <span class='ocrx_word' id='word_1_109' title='bbox 486 1136 595 1183; x_wconf 74' lang='lat' dir='ltr'>bacchata</span> <span class='ocrx_word' id='word_1_110' title='bbox 605 1134 710 1187; x_wconf 77' lang='lat' dir='ltr'>Lacaenis</span> 
     </span>
     <span class='ocr_line' id='line_1_17' title="bbox 130 1200 706 1263; baseline 0.003 -14"><span class='ocrx_word' id='word_1_111' title='bbox 130 1201 250 1263; x_wconf 82' lang='lat' dir='ltr'>Taygeta!</span> <span class='ocrx_word' id='word_1_112' title='bbox 269 1218 290 1259; x_wconf 88' lang='lat' dir='ltr'>o,</span> <span class='ocrx_word' id='word_1_113' title='bbox 301 1202 340 1263; x_wconf 90' lang='lat' dir='ltr'>qni</span> <span class='ocrx_word' id='word_1_114' title='bbox 350 1216 388 1247; x_wconf 91' lang='lat' dir='ltr'>me</span> <span class='ocrx_word' id='word_1_115' title='bbox 397 1200 478 1263; x_wconf 81' lang='lat' dir='ltr'>gelidis</span> <span class='ocrx_word' id='word_1_116' title='bbox 487 1201 512 1246; x_wconf 90' lang='lat' dir='ltr'>in</span> <span class='ocrx_word' id='word_1_117' title='bbox 522 1200 616 1249; x_wconf 82' lang='lat' dir='ltr'>valhhus</span> <span class='ocrx_word' id='word_1_118' title='bbox 627 1200 706 1252; x_wconf 80' lang='lat' dir='ltr'>Haemi</span> 
     </span>
     <span class='ocr_line' id='line_1_18' title="bbox 131 1265 681 1331; baseline 0.004 -16"><span class='ocrx_word' id='word_1_119' title='bbox 131 1268 208 1323; x_wconf 82' lang='lat' dir='ltr'>Sistst,</span> <span class='ocrx_word' id='word_1_120' title='bbox 219 1274 243 1314; x_wconf 86' lang='lat' dir='ltr'>et</span> <span class='ocrx_word' id='word_1_121' title='bbox 253 1266 341 1331; x_wconf 75' lang='lat' dir='ltr'>ingenti</span> <span class='ocrx_word' id='word_1_122' title='bbox 351 1280 463 1314; x_wconf 76' lang='lat' dir='ltr'>munorum</span> <span class='ocrx_word' id='word_1_123' title='bbox 474 1272 579 1328; x_wconf 85' lang='lat' dir='ltr'>protegat</span> <span class='ocrx_word' id='word_1_124' title='bbox 588 1265 681 1317; x_wconf 72' lang='lat' dir='ltr'>umbri!</span> 
     </span>
    </p>

    <p class='ocr_par' dir='ltr' id='par_1_6' title="bbox 130 1331 791 1458">
     <span class='ocr_line' id='line_1_19' title="bbox 130 1331 791 1394; baseline -0.002 -14"><span class='ocrx_word' id='word_1_125' title='bbox 130 1331 204 1388; x_wconf 85' lang='lat' dir='ltr'>Felix,</span> <span class='ocrx_word' id='word_1_126' title='bbox 215 1331 254 1393; x_wconf 90' lang='lat' dir='ltr'>qui</span> <span class='ocrx_word' id='word_1_127' title='bbox 263 1332 338 1394; x_wconf 91' lang='lat' dir='ltr'>potuit</span> <span class='ocrx_word' id='word_1_128' title='bbox 347 1346 422 1377; x_wconf 86' lang='lat' dir='ltr'>rerum</span> <span class='ocrx_word' id='word_1_129' title='bbox 433 1345 572 1392; x_wconf 81' lang='lat' dir='ltr'>cognoscere</span> <span class='ocrx_word' id='word_1_130' title='bbox 581 1345 660 1379; x_wconf 90' lang='lat' dir='ltr'>causas</span> <span class='ocrx_word' id='word_1_131' title='bbox 668 1349 677 1390; x_wconf 69' lang='grc' dir='ltr'><strong>ς</strong></span> <span class='ocrx_word' id='word_1_132' title='bbox 743 1339 791 1385; x_wconf 79' lang='grc'>490</span> 
     </span>
     <span class='ocr_line' id='line_1_20' title="bbox 131 1394 642 1458; baseline -0.006 -13"><span class='ocrx_word' id='word_1_133' title='bbox 131 1396 209 1458; x_wconf 83' lang='lat' dir='ltr'>Atque</span> <span class='ocrx_word' id='word_1_134' title='bbox 219 1402 293 1443; x_wconf 87' lang='lat' dir='ltr'>metus</span> <span class='ocrx_word' id='word_1_135' title='bbox 303 1398 382 1442; x_wconf 87' lang='lat' dir='ltr'>cinnes</span> <span class='ocrx_word' id='word_1_136' title='bbox 393 1401 416 1441; x_wconf 87' lang='lat' dir='ltr'>et</span> <span class='ocrx_word' id='word_1_137' title='bbox 426 1395 562 1442; x_wconf 75' lang='lat' dir='ltr'>inexorabile</span> <span class='ocrx_word' id='word_1_138' title='bbox 571 1394 642 1442; x_wconf 81' lang='lat' dir='ltr'>fatum</span> 
     </span>
    </p>

    <p class='ocr_par' dir='ltr' id='par_1_7' title="bbox 130 1458 781 1783">
     <span class='ocr_line' id='line_1_21' title="bbox 131 1458 744 1525; baseline 0.003 -15"><span class='ocrx_word' id='word_1_139' title='bbox 131 1461 232 1525; x_wconf 81' lang='lat' dir='ltr'>thjecit</span> <span class='ocrx_word' id='word_1_140' title='bbox 240 1460 340 1523; x_wconf 85' lang='lat' dir='ltr'>pedibus,</span> <span class='ocrx_word' id='word_1_141' title='bbox 350 1460 512 1523; x_wconf 80' lang='lat' dir='ltr'>strepitumque</span> <span class='ocrx_word' id='word_1_142' title='bbox 521 1458 658 1509; x_wconf 77' lang='lat' dir='ltr'>Acherontis</span> <span class='ocrx_word' id='word_1_143' title='bbox 668 1464 744 1515; x_wconf 78' lang='lat' dir='ltr'>avnrl!</span> 
     </span>
     <span class='ocr_line' id='line_1_22' title="bbox 130 1525 664 1588; baseline -0.006 -12"><span class='ocrx_word' id='word_1_144' title='bbox 130 1526 271 1576; x_wconf 84' lang='lat' dir='ltr'>Fortunatus</span> <span class='ocrx_word' id='word_1_145' title='bbox 281 1531 304 1572; x_wconf 88' lang='lat' dir='ltr'>et</span> <span class='ocrx_word' id='word_1_146' title='bbox 313 1525 359 1581; x_wconf 90' lang='lat' dir='ltr'>ille,</span> <span class='ocrx_word' id='word_1_147' title='bbox 369 1525 424 1572; x_wconf 88' lang='lat' dir='ltr'>deos</span> <span class='ocrx_word' id='word_1_148' title='bbox 434 1526 473 1586; x_wconf 88' lang='lat' dir='ltr'>qui</span> <span class='ocrx_word' id='word_1_149' title='bbox 483 1526 547 1573; x_wconf 84' lang='lat' dir='ltr'>novit</span> <span class='ocrx_word' id='word_1_150' title='bbox 557 1532 664 1588; x_wconf 80' lang='lat' dir='ltr'>agrestes,</span> 
     </span>
     <span class='ocr_line' id='line_1_23' title="bbox 131 1589 781 1654; baseline 0.009 -15"><span class='ocrx_word' id='word_1_151' title='bbox 131 1590 239 1652; x_wconf 84' lang='lat' dir='ltr'>Paneqne</span> <span class='ocrx_word' id='word_1_152' title='bbox 249 1590 410 1651; x_wconf 76' lang='lat' dir='ltr'>Silvanumque</span> <span class='ocrx_word' id='word_1_153' title='bbox 420 1604 497 1637; x_wconf 88' lang='lat' dir='ltr'>senem</span> <span class='ocrx_word' id='word_1_154' title='bbox 508 1589 671 1654; x_wconf 84' lang='lat' dir='ltr'>Nymphasque</span> <span class='ocrx_word' id='word_1_155' title='bbox 681 1592 781 1645; x_wconf 74' lang='lat' dir='ltr'>sorem!</span> 
     </span>
     <span class='ocr_line' id='line_1_24' title="bbox 130 1654 688 1720; baseline 0.004 -18"><span class='ocrx_word' id='word_1_156' title='bbox 130 1654 202 1703; x_wconf 83' lang='lat' dir='ltr'>Illum</span> <span class='ocrx_word' id='word_1_157' title='bbox 211 1670 257 1703; x_wconf 89' lang='lat' dir='ltr'>non</span> <span class='ocrx_word' id='word_1_158' title='bbox 268 1654 344 1717; x_wconf 92' lang='lat' dir='ltr'>populi</span> <span class='ocrx_word' id='word_1_159' title='bbox 353 1654 434 1710; x_wconf 76' lang='lat' dir='ltr'>fasces,</span> <span class='ocrx_word' id='word_1_160' title='bbox 445 1670 490 1702; x_wconf 90' lang='lat' dir='ltr'>non</span> <span class='ocrx_word' id='word_1_161' title='bbox 500 1669 599 1718; x_wconf 75' lang='lat' dir='ltr'>purpure</span> <span class='ocrx_word' id='word_1_162' title='bbox 608 1671 688 1720; x_wconf 87' lang='lat' dir='ltr'>regum</span> 
     </span>
     <span class='ocr_line' id='line_1_25' title="bbox 131 1719 659 1783; baseline -0.004 -14"><span class='ocrx_word' id='word_1_163' title='bbox 131 1719 217 1779; x_wconf 68' lang='lat' dir='ltr'>Rexit,</span> <span class='ocrx_word' id='word_1_164' title='bbox 228 1728 252 1767; x_wconf 91' lang='lat' dir='ltr'>et</span> <span class='ocrx_word' id='word_1_165' title='bbox 261 1719 342 1767; x_wconf 88' lang='lat' dir='ltr'>infldos</span> <span class='ocrx_word' id='word_1_166' title='bbox 352 1720 441 1783; x_wconf 75' lang='lat' dir='ltr'>agitans</span> <span class='ocrx_word' id='word_1_167' title='bbox 451 1721 562 1768; x_wconf 83' lang='lat' dir='ltr'>discordis</span> <span class='ocrx_word' id='word_1_168' title='bbox 569 1720 659 1780; x_wconf 74' lang='lat' dir='ltr'>frenes,</span> 
     </span>
    </p>
   </div>
   <div class='ocr_carea' id='block_1_3' title="bbox 29 1783 669 1849">
    <p class='ocr_par' dir='ltr' id='par_1_8' title="bbox 29 1783 669 1849">
     <span class='ocr_line' id='line_1_26' title="bbox 29 1783 669 1849; baseline 0.003 -17"><span class='ocrx_word' id='word_1_169' title='bbox 29 1818 31 1821; x_wconf 84' lang='grc'><strong>-</strong></span> <span class='ocrx_word' id='word_1_170' title='bbox 130 1785 181 1833; x_wconf 79' lang='lat' dir='ltr'>Aut</span> <span class='ocrx_word' id='word_1_171' title='bbox 190 1786 306 1849; x_wconf 83' lang='lat' dir='ltr'>conjurato</span> <span class='ocrx_word' id='word_1_172' title='bbox 316 1784 453 1833; x_wconf 86' lang='lat' dir='ltr'>descendens</span> <span class='ocrx_word' id='word_1_173' title='bbox 463 1783 543 1833; x_wconf 89' lang='lat' dir='ltr'>Dacus</span> <span class='ocrx_word' id='word_1_174' title='bbox 553 1785 581 1833; x_wconf 86' lang='lat' dir='ltr'>ab</span> <span class='ocrx_word' id='word_1_175' title='bbox 591 1783 669 1844; x_wconf 81' lang='lat' dir='ltr'>Istrc3</span> 
     </span>
    </p>
   </div>
   <div class='ocr_carea' id='block_1_4' title="bbox 104 1849 792 2689">
    <p class='ocr_par' dir='ltr' id='par_1_9' title="bbox 130 1849 749 1913">
     <span class='ocr_line' id='line_1_27' title="bbox 130 1849 749 1913; baseline 0.005 -15"><span class='ocrx_word' id='word_1_176' title='bbox 130 1849 188 1899; x_wconf 83' lang='lat' dir='ltr'>Non</span> <span class='ocrx_word' id='word_1_177' title='bbox 198 1866 234 1898; x_wconf 89' lang='lat' dir='ltr'>res</span> <span class='ocrx_word' id='word_1_178' title='bbox 244 1850 363 1906; x_wconf 75' lang='lat' dir='ltr'>Romanae,</span> <span class='ocrx_word' id='word_1_179' title='bbox 372 1850 515 1913; x_wconf 75' lang='lat' dir='ltr'>perituraque</span> <span class='ocrx_word' id='word_1_180' title='bbox 525 1865 609 1912; x_wconf 64' lang='lat' dir='ltr'>regnu</span> <span class='ocrx_word' id='word_1_181' title='bbox 626 1866 700 1913; x_wconf 88' lang='lat' dir='ltr'>neque</span> <span class='ocrx_word' id='word_1_182' title='bbox 709 1853 749 1901; x_wconf 83' lang='lat' dir='ltr'>ille</span> 
     </span>
    </p>

    <p class='ocr_par' dir='ltr' id='par_1_10' title="bbox 130 1915 736 1978">
     <span class='ocr_line' id='line_1_28' title="bbox 130 1915 736 1978; baseline 0.003 -13"><span class='ocrx_word' id='word_1_183' title='bbox 130 1916 182 1965; x_wconf 83' lang='lat' dir='ltr'>Aut</span> <span class='ocrx_word' id='word_1_184' title='bbox 191 1915 263 1964; x_wconf 91' lang='lat' dir='ltr'>doluit</span> <span class='ocrx_word' id='word_1_185' title='bbox 272 1918 381 1964; x_wconf 76' lang='lat' dir='ltr'>misenus</span> <span class='ocrx_word' id='word_1_186' title='bbox 391 1916 489 1978; x_wconf 80' lang='lat' dir='ltr'>inopem,</span> <span class='ocrx_word' id='word_1_187' title='bbox 499 1922 538 1963; x_wconf 86' lang='lat' dir='ltr'>aut</span> <span class='ocrx_word' id='word_1_188' title='bbox 548 1916 628 1963; x_wconf 83' lang='lat' dir='ltr'>invidit</span> <span class='ocrx_word' id='word_1_189' title='bbox 638 1917 736 1967; x_wconf 75' lang='lat' dir='ltr'>habenti.</span> 
     </span>
    </p>

    <p class='ocr_par' dir='ltr' id='par_1_11' title="bbox 132 1979 792 2043">
     <span class='ocr_line' id='line_1_29' title="bbox 132 1979 792 2043; baseline 0.008 -16"><span class='ocrx_word' id='word_1_190' title='bbox 132 1980 199 2035; x_wconf 81' lang='lat' dir='ltr'>Quos</span> <span class='ocrx_word' id='word_1_191' title='bbox 209 1983 266 2027; x_wconf 81' lang='lat' dir='ltr'>rami</span> <span class='ocrx_word' id='word_1_192' title='bbox 274 1979 369 2036; x_wconf 84' lang='lat' dir='ltr'>fructus,</span> <span class='ocrx_word' id='word_1_193' title='bbox 379 1995 436 2041; x_wconf 91' lang='lat' dir='ltr'>quos</span> <span class='ocrx_word' id='word_1_194' title='bbox 446 1982 494 2043; x_wconf 86' lang='lat' dir='ltr'>ipsa</span> <span class='ocrx_word' id='word_1_195' title='bbox 503 1980 602 2028; x_wconf 84' lang='lat' dir='ltr'>volentia</span> <span class='ocrx_word' id='word_1_196' title='bbox 612 1996 671 2038; x_wconf 85' lang='lat' dir='ltr'>rurs,</span> <span class='ocrx_word' id='word_1_197' title='bbox 746 1984 792 2032; x_wconf 65' lang='grc' dir='ltr'>ἕω</span> 
     </span>
    </p>

    <p class='ocr_par' dir='ltr' id='par_1_12' title="bbox 133 2042 680 2109">
     <span class='ocr_line' id='line_1_30' title="bbox 133 2042 680 2109; baseline -0.002 -15"><span class='ocrx_word' id='word_1_198' title='bbox 133 2046 220 2108; x_wconf 86' lang='lat' dir='ltr'>Sponte</span> <span class='ocrx_word' id='word_1_199' title='bbox 230 2042 303 2093; x_wconf 76' lang='lat' dir='ltr'>tulere</span> <span class='ocrx_word' id='word_1_200' title='bbox 313 2044 361 2101; x_wconf 81' lang='lat' dir='ltr'>suh,</span> <span class='ocrx_word' id='word_1_201' title='bbox 373 2047 455 2107; x_wconf 79' lang='lat' dir='ltr'>carpsit</span> <span class='ocrx_word' id='word_1_202' title='bbox 466 2064 472 2092; x_wconf 65' lang='grc' dir='ltr'><strong><em>ι</em></strong></span> <span class='ocrx_word' id='word_1_203' title='bbox 490 2060 533 2093; x_wconf 90' lang='lat' dir='ltr'>nec</span> <span class='ocrx_word' id='word_1_204' title='bbox 543 2045 680 2109; x_wconf 81' lang='lat' dir='ltr'>lerreajura,</span> 
     </span>
    </p>

    <p class='ocr_par' dir='ltr' id='par_1_13' title="bbox 104 2108 702 2173">
     <span class='ocr_line' id='line_1_31' title="bbox 104 2108 702 2173; baseline 0.005 -15"><span class='ocrx_word' id='word_1_205' title='bbox 104 2154 107 2163; x_wconf 78' lang='grc'>,</span> <span class='ocrx_word' id='word_1_206' title='bbox 131 2109 286 2171; x_wconf 75' lang='lat' dir='ltr'>iuuenumque</span> <span class='ocrx_word' id='word_1_207' title='bbox 295 2108 377 2166; x_wconf 77' lang='lat' dir='ltr'>forrum,</span> <span class='ocrx_word' id='word_1_208' title='bbox 388 2117 427 2157; x_wconf 87' lang='lat' dir='ltr'>aut</span> <span class='ocrx_word' id='word_1_209' title='bbox 436 2109 513 2173; x_wconf 86' lang='lat' dir='ltr'>populi</span> <span class='ocrx_word' id='word_1_210' title='bbox 522 2110 629 2158; x_wconf 60' lang='lat' dir='ltr'>tabulam</span> <span class='ocrx_word' id='word_1_211' title='bbox 639 2113 702 2162; x_wconf 79' lang='lat' dir='ltr'>vidit.</span> 
     </span>
    </p>

    <p class='ocr_par' dir='ltr' id='par_1_14' title="bbox 131 2174 667 2237">
     <span class='ocr_line' id='line_1_32' title="bbox 131 2174 667 2237; baseline 0 -13"><span class='ocrx_word' id='word_1_212' title='bbox 131 2174 260 2224; x_wconf 74' lang='lat' dir='ltr'>uomunnt</span> <span class='ocrx_word' id='word_1_213' title='bbox 269 2174 308 2222; x_wconf 84' lang='lat' dir='ltr'>alii</span> <span class='ocrx_word' id='word_1_214' title='bbox 318 2176 385 2222; x_wconf 87' lang='lat' dir='ltr'>remis</span> <span class='ocrx_word' id='word_1_215' title='bbox 394 2174 453 2222; x_wconf 85' lang='lat' dir='ltr'>freta</span> <span class='ocrx_word' id='word_1_216' title='bbox 462 2190 538 2232; x_wconf 74' lang='lat' dir='ltr'>caeca5</span> <span class='ocrx_word' id='word_1_217' title='bbox 555 2183 667 2237; x_wconf 89' lang='lat' dir='ltr'>ruuntque</span> 
     </span>
    </p>

    <p class='ocr_par' dir='ltr' id='par_1_15' title="bbox 130 2237 704 2304">
     <span class='ocr_line' id='line_1_33' title="bbox 130 2237 704 2304; baseline 0.002 -17"><span class='ocrx_word' id='word_1_218' title='bbox 130 2237 273 2296; x_wconf 66' lang='lat' dir='ltr'>Insertum</span> <span class='ocrx_word' id='word_1_219' title='bbox 287 2240 704 2304; x_wconf 66' lang='lat' dir='ltr'>penetranteulnsetliminsregumg</span> 
     </span>
    </p>

    <p class='ocr_par' dir='ltr' id='par_1_16' title="bbox 132 2302 716 2365">
     <span class='ocr_line' id='line_1_34' title="bbox 132 2302 716 2365; baseline 0.005 -16"><span class='ocrx_word' id='word_1_220' title='bbox 132 2302 182 2350; x_wconf 86' lang='lat' dir='ltr'>Hic</span> <span class='ocrx_word' id='word_1_221' title='bbox 192 2303 249 2365; x_wconf 89' lang='lat' dir='ltr'>petit</span> <span class='ocrx_word' id='word_1_222' title='bbox 259 2303 364 2350; x_wconf 86' lang='lat' dir='ltr'>exscidiis</span> <span class='ocrx_word' id='word_1_223' title='bbox 373 2304 451 2351; x_wconf 86' lang='lat' dir='ltr'>urbem</span> <span class='ocrx_word' id='word_1_224' title='bbox 461 2305 600 2364; x_wconf 88' lang='lat' dir='ltr'>miserosque</span> <span class='ocrx_word' id='word_1_225' title='bbox 610 2303 716 2364; x_wconf 80' lang='lat' dir='ltr'>Penates,</span> 
     </span>
    </p>

    <p class='ocr_par' dir='ltr' id='par_1_17' title="bbox 131 2364 682 2430">
     <span class='ocr_line' id='line_1_35' title="bbox 131 2364 682 2430; baseline 0 -14"><span class='ocrx_word' id='word_1_226' title='bbox 131 2367 168 2416; x_wconf 90' lang='lat' dir='ltr'>Ut</span> <span class='ocrx_word' id='word_1_227' title='bbox 177 2364 345 2430; x_wconf 72' lang='lat' dir='ltr'>gemmh‘hihnt,</span> <span class='ocrx_word' id='word_1_228' title='bbox 356 2374 379 2415; x_wconf 85' lang='lat' dir='ltr'>et</span> <span class='ocrx_word' id='word_1_229' title='bbox 389 2367 488 2417; x_wconf 74' lang='lat' dir='ltr'>Sonans</span> <span class='ocrx_word' id='word_1_230' title='bbox 498 2369 594 2416; x_wconf 83' lang='lat' dir='ltr'>dormint</span> <span class='ocrx_word' id='word_1_231' title='bbox 604 2378 682 2429; x_wconf 86' lang='lat' dir='ltr'>ostro;</span> 
     </span>
    </p>

    <p class='ocr_par' dir='ltr' id='par_1_18' title="bbox 133 2429 670 2495">
     <span class='ocr_line' id='line_1_36' title="bbox 133 2429 670 2495; baseline 0.002 -15"><span class='ocrx_word' id='word_1_232' title='bbox 133 2429 219 2480; x_wconf 85' lang='lat' dir='ltr'>Condit</span> <span class='ocrx_word' id='word_1_233' title='bbox 228 2446 282 2495; x_wconf 82' lang='lat' dir='ltr'>opes</span> <span class='ocrx_word' id='word_1_234' title='bbox 292 2431 355 2486; x_wconf 80' lang='lat' dir='ltr'>elius,</span> <span class='ocrx_word' id='word_1_235' title='bbox 365 2431 498 2493; x_wconf 83' lang='lat' dir='ltr'>defossoque</span> <span class='ocrx_word' id='word_1_236' title='bbox 507 2434 597 2481; x_wconf 82' lang='lat' dir='ltr'>incubet</span> <span class='ocrx_word' id='word_1_237' title='bbox 607 2449 670 2481; x_wconf 84' lang='lat' dir='ltr'>auro.</span> 
     </span>
    </p>

    <p class='ocr_par' dir='ltr' id='par_1_19' title="bbox 133 2493 787 2560">
     <span class='ocr_line' id='line_1_37' title="bbox 133 2493 787 2560; baseline 0.006 -18"><span class='ocrx_word' id='word_1_238' title='bbox 133 2493 182 2542; x_wconf 88' lang='lat' dir='ltr'>Hic</span> <span class='ocrx_word' id='word_1_239' title='bbox 192 2502 267 2558; x_wconf 88' lang='lat' dir='ltr'>stupet</span> <span class='ocrx_word' id='word_1_240' title='bbox 276 2497 385 2544; x_wconf 83' lang='lat' dir='ltr'>attonitus</span> <span class='ocrx_word' id='word_1_241' title='bbox 395 2496 503 2554; x_wconf 61' lang='lat' dir='ltr'>Rostrin</span> <span class='ocrx_word' id='word_1_242' title='bbox 520 2499 580 2544; x_wconf 90' lang='lat' dir='ltr'>hunc</span> <span class='ocrx_word' id='word_1_243' title='bbox 589 2497 681 2560; x_wconf 83' lang='lat' dir='ltr'>plausus</span> <span class='ocrx_word' id='word_1_244' title='bbox 691 2500 787 2548; x_wconf 78' lang='lat' dir='ltr'>hiantem</span> 
     </span>
    </p>

    <p class='ocr_par' dir='ltr' id='par_1_20' title="bbox 133 2557 770 2689">
     <span class='ocr_line' id='line_1_38' title="bbox 133 2557 770 2672; baseline 0.008 -67"><span class='ocrx_word' id='word_1_245' title='bbox 133 2557 192 2672; x_wconf 40' lang='lat' dir='ltr'>&amp;Per</span> <span class='ocrx_word' id='word_1_246' title='bbox 202 2575 286 2609; x_wconf 87' lang='lat' dir='ltr'>cuneos</span> <span class='ocrx_word' id='word_1_247' title='bbox 296 2561 424 2624; x_wconf 71' lang='lat' dir='ltr'>geminatus</span> <span class='ocrx_word' id='word_1_248' title='bbox 434 2562 493 2608; x_wconf 88' lang='lat' dir='ltr'>enim</span> <span class='ocrx_word' id='word_1_249' title='bbox 504 2561 617 2624; x_wconf 87' lang='lat' dir='ltr'>plebisque</span> <span class='ocrx_word' id='word_1_250' title='bbox 627 2562 770 2625; x_wconf 77' lang='lat' dir='ltr'>patrumque}</span> 
     </span>
     <span class='ocr_line' id='line_1_39' title="bbox 158 2622 722 2689; baseline 0.009 -20"><span class='ocrx_word' id='word_1_251' title='bbox 158 2622 257 2689; x_wconf 76' lang='lat' dir='ltr'>orrippit.</span> <span class='ocrx_word' id='word_1_252' title='bbox 289 2625 397 2675; x_wconf 83' lang='lat' dir='ltr'>Gsudent</span> <span class='ocrx_word' id='word_1_253' title='bbox 406 2624 490 2688; x_wconf 80' lang='lat' dir='ltr'>perfusi</span> <span class='ocrx_word' id='word_1_254' title='bbox 500 2626 610 2689; x_wconf 79' lang='lat' dir='ltr'>sunguine</span> <span class='ocrx_word' id='word_1_255' title='bbox 619 2625 722 2683; x_wconf 81' lang='lat' dir='ltr'>fratrum,</span> 
     </span>
    </p>
   </div>
   <div class='ocr_carea' id='block_1_5' title="bbox 0 0 865 2925">
    <p class='ocr_par' dir='ltr' id='par_1_21' title="bbox 0 0 865 2925">
     <span class='ocr_line' id='line_1_40' title="bbox 0 0 865 2925; baseline 0 0"><span class='ocrx_word' id='word_1_256' title='bbox 0 0 865 2925; x_wconf 95' lang='lat' dir='ltr'> </span> 
     </span>
    </p>
   </div>
  </div>
 </body>
</html>
