1709 2925
212 73 408 127 causatus
426 74 482 125 aa
498 75 549 127 111.
682 83 712 133 u
814 53 817 58 '

53 208 85 259 Et
94 227 131 261 ros
140 212 164 260 in
174 210 255 261 teneri
263 212 340 275 pecori
350 211 492 276 gratlmmus
502 209 577 260 hebd

53 274 114 335 Inde,
124 279 161 326 ubi
171 285 252 340 quarta
261 278 323 324 sitim
331 277 386 324 coeli
396 277 514 341 collegerit
522 278 586 334 hora,
689 283 693 290 ’

53 338 85 389 Et
93 350 160 391 cautu
168 343 272 405 (prada
282 349 388 405 rumpent
396 344 487 391 arbusta
497 343 588 398 denda

56 406 594 471 Adputecsautaltagregesadstagnajubeto

55 469 272 537 Ounennmjlignis
282 480 361 536 potare
370 474 484 520 canalibus
495 473 594 529 undam3
643 483 645 488 '
668 477 718 526 330

55 535 152 588 AEstibus
162 546 186 586 at
196 539 277 586 mediis
287 539 414 588 umbrosam
421 539 538 599 exquirere
547 539 637 597 vallem,

56 601 126 650 Sicubi
136 607 219 667 magna
229 602 296 656 donis
306 603 399 665 antiquo
409 604 489 650 robore
499 617 594 666 quercus

57 664 159 730 Ingentes
169 669 250 717 tendat
259 681 340 725 rarncs,
352 675 392 716 aut
401 668 472 716 sicubi
481 669 573 731 nigrum

57 730 142 781 Ilicibus
149 735 236 781 crebris
247 731 310 781 sacri
319 747 400 781 nonus
410 735 504 781 accubet
514 731 607 791 nrnbr53

57 795 112 844 Turn
122 807 201 847 tenues
211 800 265 846 dare
275 813 353 846 rursus
364 813 439 858 aquas,
451 808 475 845 et
484 812 577 861 pascere
587 812 664 847 rursus

58 861 111 910 Solia
121 864 148 911 ad
158 878 272 922 occasum,
283 859 335 911 cum
345 862 442 927 frigidus
452 862 504 910 aira
514 861 605 925 Vesper

59 924 177 990 Temperat,
189 937 215 976 et
223 930 295 976 saltus
304 927 375 976 reiicit
382 931 431 992 Jam
442 928 530 975 roscida
540 927 600 982 luna,

59 989 173 1055 Litoraque
182 994 293 1055 alcyonea
304 1001 418 1048 resonant,
430 992 570 1040 acalanthida
580 993 649 1039 durni.

60 1055 116 1110 Quid
125 1060 163 1105 tibi
174 1068 276 1121 pastores
287 1058 375 1119 Libye,
386 1057 442 1120 quid
451 1072 535 1119 pascua
544 1073 612 1105 versu

60 1119 184 1184 Prooequan
196 1130 221 1170 et
231 1125 287 1170 raris
297 1124 396 1170 habitata
405 1124 502 1185 mapalia
511 1122 596 1169 tectis?
671 1127 720 1172 340

62 1186 119 1250 sepe
128 1189 187 1235 diem
199 1194 340 1247 noctemque,
351 1195 376 1234 et
384 1195 459 1235 toturn
471 1202 501 1233 ex
511 1187 589 1234 ordine
599 1202 708 1244 mensuri,

62 1248 162 1306 Pascitur,
173 1253 236 1313 itque
245 1266 316 1313 pecus
325 1253 395 1315 longa
405 1254 429 1299 in
441 1253 529 1298 deserta
540 1252 589 1298 sine
599 1251 650 1299 ullis

63 1313 179 1378 Hospitiis:
199 1324 289 1363 tantum
300 1319 372 1378 campi
379 1319 449 1380 jacet.
480 1316 565 1363 Omnia
575 1331 651 1363 secum

62 1380 209 1438 armentarius
220 1381 279 1446 Afer
289 1382 344 1444 agit,
355 1388 491 1442 tectumque,
504 1379 637 1443 Laremque,

63 1446 174 1510 Armaque,
188 1445 379 1509 Amyclaeumque
392 1460 479 1503 canem,
495 1443 646 1508 Cressamque
663 1448 720 1521 pha5

147 1520 244 1561 retramt

62 1574 109 1625 Non
119 1593 183 1629 secus
193 1576 310 1638 ac’patriis
319 1590 371 1623 aner
381 1574 501 1623 Romanae
510 1575 534 1622 in
545 1577 614 1624 arnris

62 1640 140 1705 Iujusto
149 1643 191 1689 sub
201 1641 334 1689 inaceriam
345 1654 396 1687 oum
408 1641 485 1703 carpit,
496 1649 520 1688 et
530 1642 591 1688 hosti

63 1707 116 1755 Ante
124 1713 279 1770 exspectatum
290 1706 369 1767 positis
379 1712 424 1752 stat
433 1706 458 1751 in
469 1707 560 1768 agmine
570 1706 656 1753 castris

64 1772 145 1830 Atrion,
156 1771 201 1835 qud
213 1771 315 1834 Scythiae
321 1778 410 1832 gentes,
421 1770 563 1831 Maeotiaque
569 1771 640 1825 unda,

64 1834 199 1885 Turbiduset
208 1843 317 1898 torquens
326 1834 437 1883 flaventes
448 1833 508 1881 Ister
518 1846 604 1889 utem
672 1839 721 1885 350

66 1901 150 1964 Quique
160 1902 219 1950 redit
229 1901 327 1947 medirnn
339 1898 452 1962 Rhodope
461 1906 565 1962 porrecta
574 1901 616 1947 sub
626 1914 700 1951 axem.

64 1963 106 2015 Illic
116 1969 189 2015 clausa
198 1973 280 2014 teuent
286 1965 378 2013 stabulis
386 1972 504 2023 armenta3
521 1980 594 2026 neque
604 1966 657 2015 ullae

63 2031 186 2087 Autherbas
194 2046 275 2094 campo
286 2038 400 2093 appetem,
411 2037 451 2077 aut
461 2032 539 2077 arbore
548 2030 654 2080 frondes:

66 2096 167 2161 tnjuoet
177 2090 300 2160 aggeribus
310 2097 383 2143 niveis
393 2095 496 2143 informis
506 2102 530 2142 et
540 2097 586 2143 alto

65 2159 126 2210 Terra
134 2162 188 2226 gelu
198 2163 253 2219 late,
259 2167 396 2225 neptemque
406 2161 505 2224 assurgit
514 2161 538 2207 in
549 2161 619 2210 ulnas

30 2258 32 2277 .
67 2225 149 2290 Semper
158 2228 239 2282 hienis,
248 2240 338 2290 semper
348 2226 459 2290 spirantes
468 2225 553 2288 frigora
564 2226 641 2277 Cauri.

31 2282 32 2307 ¹
66 2289 118 2338 Tum
128 2292 167 2340 Sol
176 2291 286 2355 pallentes
296 2292 357 2339 haud
366 2305 467 2352 unquam
478 2291 569 2339 discutit
579 2294 685 2351 umbras3

66 2354 111 2405 Nec
122 2372 172 2405 cusu
187 2358 294 2405 invectas
308 2357 373 2420 equis
388 2356 459 2406 utum
473 2357 532 2421 petit
545 2359 630 2405 adua
637 2375 646 2416 ς
663 2371 706 2404 nec

67 2437 204 2551 Pmipitecpu
208 2486 296 2536 Oceani
305 2487 372 2549 mbro
381 2486 439 2535 lavit
449 2502 540 2549 aequore
550 2500 647 2534 currum.

70 2548 215 2600 Ccmrescunt
225 2554 305 2601 nubitae
316 2553 414 2602 currenti
424 2554 449 2599 in
459 2552 553 2599 flumine
563 2557 652 2605 eruatae,
674 2550 676 2553 ’

70 2614 226 2684 UnusqueJm
236 2626 302 2686 tergo
310 2619 407 2671 ansus
415 2617 513 2669 amanet
522 2615 594 2670 orbes,
673 2616 720 2659 sor
