1709 2925
154 158 201 203 ma
355 146 520 201 AEnutnos
537 140 622 198 mur.

154 285 193 333 Sic
203 282 318 347 placitum.
351 281 437 330 Veniet
446 281 523 329 lustris
532 281 660 328 labentibus
670 287 736 341 aetar,

154 348 215 398 Cum
227 349 309 395 domun
318 346 424 395 Assaraci
436 347 542 394 Phthiam
553 346 670 407 clmaoque
680 345 794 407 Mycenae

154 414 252 462 servitio
262 419 355 475 premet,
367 428 394 459 ac
404 412 471 460 rictin
481 412 630 459 dominabitur
641 412 720 473 Argis.

153 479 268 526 Nascetur
278 475 372 540 pulchri
380 478 495 541 Trojannn
506 478 595 538 origine
606 474 693 531 Caesm,

153 541 278 605 Imperium
289 543 389 596 Oceano,
400 542 484 590 sumam
495 543 533 603 qui
543 542 651 588 terminet
661 543 735 598 mtrir,

153 607 236 662 Julius,
248 624 262 655 a
272 623 357 670 magno
369 607 491 655 demissum
502 621 586 653 nomen
598 604 663 653 Iulo:

155 672 227 720 Hunc
238 682 263 720 tu
274 674 328 720 olim
340 673 405 728 coelo,
417 673 494 735 npoliis
505 672 607 718 Orientis
618 679 733 727 onustum,

154 738 263 802 Accipies
274 754 367 795 oecum3
385 739 501 785 vocabitur
511 738 548 783 hic
558 751 648 797 qnoque
658 737 727 784 votis.
774 738 817 783 29⁰

153 809 243 866 Aspera
253 812 301 851 tum
312 804 391 867 ponitis
400 804 521 850 mitescent
531 802 615 849 saecula
623 802 695 849 hellis.

156 867 221 918 Cana
232 868 306 926 Fides,
318 875 342 915 et
352 868 432 924 Vesta,
443 867 519 915 Remo
529 882 582 914 cum
590 866 663 914 fratre
674 866 788 922 Quirinus,

153 932 212 982 ,lura
223 935 320 989 dabunt3
338 934 393 980 dirae
403 933 464 980 ferro
474 940 498 979 et
508 933 654 994 compagibus
665 932 732 979 arctio

154 997 295 1047 claudentur
307 997 366 1045 Belli
377 1006 464 1059 portae;
482 996 557 1044 Furor
567 998 650 1060 impius
660 999 729 1051 intua,

155 1063 224 1111 Saevo
234 1064 315 1111 redens
325 1078 392 1127 nuper
401 1078 471 1117 arma,
481 1070 606 1109 etcertum
618 1062 709 1109 vinctus
719 1061 779 1109 atris

155 1128 212 1176 Poat
223 1136 313 1190 tergum
324 1124 395 1181 n'odio,
405 1127 489 1175 fremet
497 1127 603 1175 horridus
613 1143 654 1174 ore
664 1133 765 1174 cmento.

188 1192 249 1240 Haec
260 1194 305 1240 nit:
324 1201 349 1241 et
359 1191 424 1240 Mart
435 1193 538 1256 genitum
549 1193 648 1239 demittit
659 1193 687 1239 ab
698 1193 757 1249 ulto3

155 1257 192 1306 Ut
201 1265 277 1316 terre,
288 1267 358 1320 utque
367 1273 435 1307 novar
473 1265 536 1307 tcant
547 1256 695 1321 Carthaginis
705 1271 766 1305 arcon

155 1322 265 1386 Honpitio
276 1323 387 1383 Teucrio;
404 1339 434 1370 ne
454 1324 484 1371 nti
495 1324 571 1370 nmcin
582 1322 646 1369 Dido

154 1387 249 1436 Finibus
259 1399 353 1436 arceret.
386 1387 457 1437 Volat
468 1389 505 1436 ille
516 1404 557 1450 per
565 1388 617 1435 alim
627 1403 737 1451 magnum
772 1388 815 1432 800

154 1452 263 1516 Remigio
274 1454 373 1512 alarum3
391 1470 418 1502 nc
430 1454 511 1517 Libyae
522 1454 580 1502 citur
591 1453 678 1502 adstitit
688 1456 742 1502 oris.

154 1517 189 1566 Et
194 1520 243 1582 jam
250 1521 315 1583 Juona
324 1520 395 1577 sacit5
412 1529 544 1583 ponuntque
553 1519 637 1567 ferocia
648 1519 717 1567 Poeni

154 1581 237 1640 Corda,
247 1585 340 1632 volente
348 1584 412 1633 Deo.
444 1584 472 1632 In
483 1586 561 1648 primis
571 1584 650 1647 regina
660 1586 760 1647 quietum

107 1647 110 1654 ¹
155 1649 247 1712 Accipit
256 1651 281 1696 in
292 1649 395 1697 Teucros
406 1651 506 1698 animum
517 1658 662 1711 mentemque
672 1651 795 1712 benignam.

187 1718 223 1761 At
233 1716 284 1779 pius
293 1715 388 1771 AEneaa,
399 1732 440 1778 per
451 1725 540 1763 noctem
551 1715 647 1777 plurimu
657 1716 759 1771 volvens,

155 1779 191 1829 Ut
202 1782 299 1843 primum
310 1782 351 1827 lux
361 1781 420 1830 ulma
431 1781 482 1827 data
492 1788 534 1834 est,
545 1782 614 1835 exire,
624 1779 734 1842 locosque

154 1844 283 1909 Explorare
293 1862 367 1895 novos
373 1863 382 1904 ;
397 1862 455 1907 quas
466 1853 535 1893 vento
547 1846 667 1892 accerserit
677 1860 735 1900 oras,

155 1911 202 1965 Qui
214 1919 305 1960 teneant
318 1913 382 1977 (iram
392 1909 478 1959 inculta
487 1908 560 1971 videt)
573 1910 705 1958 hominesue
714 1909 801 1965 terere,

154 1974 266 2029 Quaerere
276 1978 399 2033 constituit,
410 1978 523 2036 sociisque
531 1983 613 2023 exacta
621 1975 712 2022 referre.

154 2038 258 2089 classem
269 2042 293 2088 in
304 2057 408 2090 convexo
418 2056 544 2097 nemorum,
556 2041 598 2087 rub
607 2056 664 2103 rupe
673 2038 757 2093 cavati,
773 2040 814 2083 sto

153 2105 279 2153 Arboribus
289 2109 388 2154 clausam
399 2108 484 2153 circum
495 2113 563 2168 atque
572 2106 715 2153 horrentibus
724 2103 801 2153 umbrit

153 2168 257 2216 Occulit:
278 2172 325 2232 ipse
336 2187 382 2219 uuo
392 2172 494 2235 graditur
505 2172 625 2218 comitatur
636 2172 734 2227 Achate,

153 2232 215 2281 Bina
225 2248 293 2281 manu
304 2237 350 2283 lato
361 2238 462 2299 crispans
472 2237 561 2283 hastilia
569 2235 638 2283 ferro.

155 2297 201 2349 Cui
212 2305 284 2346 mater
294 2298 369 2348 medii
379 2316 430 2348 nene
440 2301 492 2349 tulit
503 2302 569 2348 obvia
580 2300 645 2356 silvi,

153 2364 259 2427 Virginis
270 2380 296 2412 on
306 2366 451 2427 habitumque
461 2382 551 2429 gerens,
563 2374 586 2413 et
596 2366 693 2428 virginio
703 2379 764 2413 arma

153 2431 288 2491 Spartanae3
305 2432 343 2477 uel
354 2432 425 2492 qualis
435 2446 506 2492 equos
516 2431 625 2478 'ihreima
634 2430 717 2493 fatigat
787 2437 790 2444 '

154 2494 293 2556 Harpalyce.
304 2495 465 2556 volucremque
475 2494 531 2557 fugi
539 2496 685 2557 praeuertitur
695 2494 786 2542 Eurum.

154 2556 262 2618 Namque
279 2560 378 2606 humeris
393 2560 422 2606 de
438 2575 502 2606 more
518 2560 614 2607 habilem
631 2560 814 2623 suspenderetu-

154 2638 422 2748 VQOMmamuc
433 2701 521 2735 comam
528 2686 657 2737 diffundere
666 2688 757 2744 rectior
