1709 2925
136 102 184 147 146
322 86 487 145 AEunluos
503 89 557 140 Lis.
570 91 619 141 111.

135 227 251 289 Linquere
260 230 308 271 tum
319 223 482 286 portusjuheo,
493 230 516 268 et
527 221 645 269 considere
655 223 767 270 transtris.
805 248 809 261 ·

136 292 247 342 Certatim
258 289 313 337 socii
323 289 407 336 feriunt
418 303 487 342 mare,
499 294 522 333 et
534 302 626 346 aequora
634 296 738 336 verrunt.
756 293 811 337 290

136 357 249 405 Proteuus
259 355 330 401 siries
341 353 464 400 Pheraeum
475 352 633 400 abscondimus
643 368 716 410 arces,

134 421 258 482 Litoraque
268 419 333 482 Epiri
343 419 449 480 legimus,
460 417 571 480 portilque
582 417 684 465 subimus

135 485 247 542 Chaonio,
259 492 283 532 et
295 485 377 531 celsam
390 483 496 539 Buthroti
504 482 633 529 accedimus
643 485 731 531 urbem.

167 551 215 598 Hic
226 550 361 597 incredibilis
372 564 446 595 rerum
457 547 518 595 sums
527 554 623 610 occupet
634 563 708 603 aures,

134 616 264 666 Priamiden
276 614 392 663 Helenum
405 614 486 661 Graias
497 628 594 675 regnare
603 627 643 674 per
655 614 730 669 urbes,

134 682 249 744 conjugio
260 681 363 730 AEscidae
375 678 458 742 Pyrrhi
468 678 605 740 sceptrisque
615 679 732 739 potitum

133 747 167 796 Et
177 748 249 809 patrio
260 745 436 794 Andromachen
446 744 528 791 iterum
538 743 633 790 cessisse
644 743 734 790 marito.

134 813 244 875 Obstupui
254 829 262 868 ;
279 812 382 871 miroque
391 810 509 857 lueeusum
519 815 600 869 pectus
610 823 695 864 amore

134 877 277 940 Compellare
284 876 367 930 virum,
379 882 403 920 et
413 889 479 920 cesus
489 888 628 936 cognoscere
636 880 720 921 tentos.

101 949 105 953 '
133 943 271 1005 Progredior
283 947 356 1002 portu,
367 939 452 986 classes
462 946 486 985 et
495 938 561 984 litora
571 938 684 998 linquens.
756 944 807 987 300

132 1008 252 1056 Solleuues
263 1014 311 1052 turn
322 1004 381 1052 forte
388 1004 463 1065 dapes,
474 1010 498 1050 et
508 1004 581 1049 tristia
591 1003 657 1058 dona,

132 1073 195 1120 Ante
206 1073 283 1118 urbem
296 1070 389 1122 inluso,
400 1067 451 1115 falsi
463 1068 585 1115 Simoentis
596 1068 624 1114 ed
635 1068 727 1124 undem,

133 1136 230 1183 Libebat
239 1136 309 1183 cineri
321 1133 487 1187 Andromache,
500 1131 628 1193 Manesque
638 1135 735 1181 vocabat

133 1201 275 1249 Hectoreum
284 1200 312 1248 ad
320 1199 445 1254 tumulum
456 1198 522 1245 viridi
530 1213 597 1258 quem
605 1199 699 1260 cespite
705 1200 804 1255 inanem,

131 1266 166 1315 Et
177 1268 286 1329 geminas,
298 1280 388 1312 causam
399 1264 513 1323 lacrymis,
525 1270 652 1310 sacraverat
663 1279 722 1312 mas.

133 1332 169 1380 Ut
179 1347 217 1378 me
227 1331 344 1392 conspexit
355 1328 491 1382 venientem,
503 1335 527 1374 et
537 1326 608 1375 Troia
618 1329 704 1375 circum

131 1396 206 1443 Arma
216 1410 293 1442 emens
304 1395 367 1449 vidit,
379 1394 469 1455 magnis
480 1394 587 1450 exterrita
597 1393 717 1443 monstris.

130 1460 242 1522 Deriguit
252 1460 303 1508 visu
314 1460 337 1506 in
347 1459 436 1516 medio;
455 1459 516 1506 calor
527 1473 579 1507 osse
589 1458 686 1520 reliquit.

131 1526 231 1582 Labitur,
244 1533 267 1573 et
274 1525 345 1586 longo
355 1526 394 1570 vix
405 1525 496 1571 taudem
507 1531 608 1586 tempore
617 1522 693 1572 fatur:

130 1591 223 1639 Verene
234 1598 257 1637 te
266 1589 342 1644 facies,
353 1605 421 1637 verus
432 1590 487 1635 mihi
499 1590 591 1636 nuntius
602 1587 675 1643 effers,
755 1595 804 1639 810

130 1656 194 1704 Nate
206 1654 278 1703 Dei?
294 1654 399 1702 vivisne?
416 1662 462 1708 aut,
475 1655 493 1702 si
504 1656 545 1700 lux
556 1654 615 1701 elme
625 1655 727 1709 recessit,

131 1722 221 1770 Hector
228 1722 264 1769 isui
272 1720 322 1769 esti
332 1718 413 1776 Dixit3
421 1719 578 1780 lacrymasque
586 1717 671 1774 effirdit.
678 1729 702 1766 et
708 1736 801 1771 omnem

126 1788 238 1851 Implevit
249 1786 347 1833 clamore
357 1785 441 1832 locum.
475 1782 522 1831 Vix
532 1799 603 1846 peuce
612 1783 698 1832 furenti
746 1791 749 1802 ⁴

130 1848 634 1917 Subjicio,etraristurbetusvocibushisco:
821 1898 825 1906 .

63 1941 66 1946 ¹
128 1917 192 1965 Vivo
204 1918 313 1977 equidem,
324 1918 440 1976 vitemque
451 1921 552 1962 extrema
561 1930 602 1977 per
612 1915 691 1963 omnia
700 1914 768 1965 duco.

128 1981 168 2029 Ne
179 1982 269 2028 dubita:
288 1996 339 2028 nem
350 1996 405 2028 vera
415 1980 485 2028 vides.

129 2044 199 2094 Heu!
218 2047 268 2107 quis
278 2053 302 2093 ie
312 2061 377 2093 cesus
387 2046 497 2108 dejectam
507 2045 605 2107 conjuge
615 2051 680 2094 tauto

129 2110 241 2171 Excipit?
258 2118 298 2158 eut
308 2126 360 2171 quae
370 2111 440 2172 digne
450 2110 504 2157 setis
513 2109 605 2157 fortuna
615 2110 712 2159 revisit?

125 2175 240 2222 *Hectoris
250 2174 412 2223 Andromache
423 2174 531 2236 Pyrrhiu'
543 2175 655 2223 connubia
665 2176 762 2223 servas?

128 2235 221 2303 Dejecit
231 2239 328 2296 vultum,
338 2249 362 2286 et
372 2238 469 2288 demissi
480 2255 538 2287 voce
547 2240 623 2288 locuta
633 2247 683 2288 est:
748 2245 799 2289 820

128 2307 151 2355 Ο
162 2305 218 2352 felix
228 2319 273 2351 uns
284 2312 338 2352 ente
348 2305 402 2352 elias
415 2304 527 2353 Priameia
538 2306 613 2367 uirgo,

129 2369 246 2418 Hostilem
256 2369 285 2416 ed
294 2370 406 2417 tumulum
418 2369 496 2434 TroJ'ae
507 2371 548 2417 suh
558 2370 672 2417 moenibus
679 2372 735 2420 eltis

128 2437 198 2487 Jussa
208 2435 272 2491 mori,
284 2450 335 2495 quae
345 2436 438 2482 sortitus
450 2451 496 2481 uon
506 2435 599 2497 pertulit
609 2435 676 2492 rrllos,

128 2501 180 2548 Nec
191 2500 284 2547 victoris
294 2500 342 2547 heri
352 2500 429 2560 tetigit
437 2501 527 2562 captiva
535 2499 622 2547 eubile!

127 2565 186 2620 Nos,
198 2563 269 2626 patrii
279 2563 377 2619 incensi,
387 2564 477 2612 diversa
486 2581 528 2626 per
538 2580 630 2625 {equore
639 2572 723 2622 vectae,

127 2629 208 2693 Stirpis
219 2629 330 2678 Achillem
337 2628 418 2687 lictus,
429 2631 585 2692 juvenemque
594 2630 727 2692 superbum,
