1709 2925
113 115 162 162 m
293 104 460 157 AENEI'DOS
476 105 530 155 Lra.
543 102 606 155 XII.

113 241 147 290 Et
157 255 200 294 me,
211 237 297 295 Tarne,
307 247 407 287 manent.
440 238 513 286 Simul
519 240 570 286 hrec
578 238 655 286 inrisa
661 239 791 304 relinquam
853 288 854 293 ,

114 306 219 361 Lumina,
232 319 394 367 progenerum
404 303 496 351 AEnesn
507 304 598 366 captiva
607 304 702 354 videbo.

147 371 242 433 Accepit
254 384 334 418 vocem
344 370 450 432 lacrymis
461 368 558 416 lavinia
567 370 656 426 matris,

114 435 248 498 iurgante·
259 434 349 496 perfusa
359 448 445 498 genar3
461 435 497 481 cui
508 435 620 496 plurimus
630 436 714 497 ignem

115 501 213 563 Subjectt
224 500 298 554 rubor.
310 507 334 546 et
344 499 453 547 calefacta
462 515 504 562 per
514 514 554 547 om
564 501 675 549 cucurrit.
776 506 782 523 ¹

115 565 198 613 Indum
209 566 334 628 sanguineo
344 566 414 612 veluti
425 566 543 612 violaverit
552 571 617 612 ortro

116 633 140 680 si
152 632 201 694 quis
212 631 273 686 ebur,
285 639 325 678 aut
335 631 408 677 mixta
418 632 499 676 rubent
509 631 547 677 ubi
557 630 605 678 lilia
615 628 692 678 multi

114 697 175 744 Alba
185 696 251 753 rosit
269 697 325 743 tales
336 698 402 757 virgo
413 695 479 743 dabat
489 710 529 742 ore
540 695 636 743 colores.

115 761 185 810 lllum
195 762 270 809 turbat
280 776 350 817 amor,
361 761 456 823 figitque
466 762 490 807 in
501 762 591 822 virgine
601 760 699 817 vultua3
760 767 791 810 7⁰

116 827 190 875 Ardet
200 828 224 873 in
235 826 298 874 arrian
308 827 391 889 magis,
401 827 523 888 paucisque
535 825 617 872 affatur
628 826 758 874 Amatamr

115 892 163 949 Ne,
174 904 259 954 quaeso,
271 906 300 939 ne
310 906 348 939 me
358 891 471 952 lacrymis.
483 906 541 938 nere
551 891 629 938 omine
639 898 707 939 tanto

115 957 257 1018 Prosequere
266 958 290 1003 in
301 957 351 1004 duri
362 958 485 1003 certamina
495 955 578 1003 Martis
588 964 693 1013 euntem,

117 1023 139 1071 0
150 1022 232 1071 mater!
250 1023 394 1083 nequeenim
405 1021 486 1069 Turno
495 1036 560 1068 mora
569 1021 641 1068 libem
651 1023 744 1071 mortis.

116 1087 218 1135 Nuntius
229 1088 278 1134 haec
291 1085 371 1150 Idmon
385 1086 489 1149 Phrygio
500 1101 551 1134 mea
561 1086 622 1133 dicta
633 1093 737 1147 tyranno

117 1152 189 1199 Haud
198 1151 308 1215 placitura
319 1151 392 1199 refer:
412 1150 473 1201 cum
484 1153 581 1214 primurn
592 1153 696 1200 crastina
705 1153 766 1200 caelo

116 1216 225 1265 Puniceis
235 1218 325 1266 invecta
336 1219 391 1265 rotis
403 1218 494 1265 Aurora
503 1217 608 1271 rubescit,

116 1282 173 1332 Nou
184 1282 287 1331 Teucros
293 1289 347 1347 agat
355 1284 377 1329 in
385 1282 498 1330 Rutulos:
516 1281 634 1329 Teucrum
641 1284 789 1346 armaquier-

213 1354 273 1403 cant,

117 1412 151 1461 Et
163 1413 290 1461 Rutuldm:
310 1419 388 1462 nostro
399 1412 529 1460 dirimamus
540 1412 654 1476 sanguine
663 1413 760 1461 bellurn

118 1478 162 1527 llln
172 1487 286 1541 quaeratur
297 1482 381 1542 conJun
392 1478 489 1526 Lavinia
499 1492 586 1541 campo.
760 1483 791 1525 80

152 1544 213 1592 Haec
224 1545 261 1591 ubi
271 1545 331 1592 dicta
341 1545 409 1599 dedit,
420 1545 554 1606 rapidusque
564 1544 589 1590 in
600 1551 664 1591 tecta
674 1545 776 1601 recessit,

117 1610 197 1661 Poscit
206 1623 283 1673 equos,
294 1610 423 1672 gaudetque
433 1618 500 1657 tuens
511 1616 564 1657 ante
574 1624 615 1656 ora
625 1608 761 1666 frementes,

119 1676 228 1724 Pilumno
238 1676 357 1738 quos-ipsa
365 1675 436 1722 decus
446 1675 507 1722 dedit
518 1673 625 1736 Orithyia
634 1691 644 1731 ;

118 1742 166 1797 Qui
178 1741 275 1790 candore
285 1741 350 1788 niver
360 1741 478 1794 anteirent,
489 1741 591 1788 curribus
601 1754 678 1787 auras

119 1806 274 1856 Circumstant
284 1806 372 1869 properi
384 1806 476 1867 aurigae,
488 1806 637 1866 manibusque
647 1806 768 1854 lacessunt

119 1871 216 1920 Pectora
226 1872 304 1934 plausa
314 1872 381 1925 caris,
393 1879 416 1917 et
427 1870 486 1917 colla
496 1871 610 1918 comantia
619 1878 727 1932 pectunt.

119 1936 173 1999 lpse
183 1930 264 1986 dehinc
275 1951 329 1984 turc
340 1936 479 1997 squalentem
490 1936 585 1996 alboque
596 1936 714 1983 orichalco

119 2001 252 2050 Circumdat
262 2003 353 2049 loricam
366 2001 478 2057 tamenn
496 2001 563 2048 simul
572 2009 635 2062 aptat
646 2002 754 2049 habendo

118 2066 251 2128 Ensemque
260 2067 412 2129 clypeumque
421 2073 447 2113 et
456 2067 530 2113 rubrae
541 2081 626 2112 cornua
635 2068 733 2125 cristae5

119 2132 214 2187 Ensem,
226 2147 292 2193 quem
304 2131 391 2179 Dauno
402 2130 538 2194 Ignipotens
549 2131 616 2178 Deua
626 2132 676 2193 ipse
686 2133 776 2194 parenti

119 2196 223 2261 Fecerat„
233 2204 260 2262 et
268 2195 351 2258 Stygii
359 2197 493 2245 candentem
504 2198 602 2243 tinxerat
613 2195 682 2244 uadi.
760 2202 790 2256 st,

120 2261 191 2316 Exin,
203 2276 254 2322 quae
265 2261 344 2308 mediis
355 2263 443 2324 ingenti
454 2262 537 2309 adnixa
546 2262 661 2308 columnae

119 2327 216 2374 AEdibns
227 2327 335 2377 adsttbm,
345 2328 442 2374 validam
453 2329 476 2373 vi
487 2327 580 2388 corripit
590 2327 687 2381 hastam,

119 2391 211 2437 Actoris
223 2390 325 2436 Aurunci
337 2391 448 2452 spolium
465 2400 601 2453 quassatque
611 2399 758 2449 trementem,

118 2452 267 2500 vociferans:
288 2452 363 2509 Nunc,
376 2470 391 2500 0
399 2469 515 2515 nunquam
525 2455 633 2503 frustrata
642 2464 742 2504 vocatus

120 2516 196 2562 Hasta
206 2517 282 2564 meos!
295 2531 356 2564 nunc
366 2525 457 2579 tempus
467 2521 544 2577 adest;
556 2527 579 2566 te
587 2521 701 2567 maximus
712 2523 793 2580 Actor,
850 2557 852 2563 -

118 2577 154 2624 Te
164 2578 237 2625 Turni
248 2595 308 2626 nunc
319 2581 398 2627 dextra
407 2585 475 2643 gerit.
508 2584 548 2632 Da
556 2592 656 2634 atemere
667 2600 761 2648 corpus,
851 2635 852 2638 ,

119 2639 269 2702 Loricamque
279 2657 348 2690 manu
359 2645 434 2693 validi
444 2648 544 2697 lacerare
554 2649 668 2697 revulsam
