1709 2925
140 75 197 166 ’,σε
320 110 485 163 muninus
501 109 640 160 Lisvm.

150 246 192 294 Sin
203 244 298 307 aliquem
308 242 425 290 infandum
436 256 519 297 cesum,
531 240 639 297 Fortuna,
651 241 787 304 minaris!

150 310 228 365 Nunc,
238 326 252 356 o
263 323 323 355 nuuc
333 308 399 355 liceat
409 306 521 355 crudelem
532 308 663 368 abrumpere
673 310 755 367 ritum,

149 375 215 423 Dum
226 388 287 420 curse
297 373 417 433 ambiguae,
428 373 481 418 dum
493 387 543 434 spes
553 372 640 418 incerta
648 371 729 430 futuri,
768 377 815 424 ἕω
852 389 853 426 i

148 439 214 487 Dum
225 446 255 492 te,
266 452 317 485 esre
327 453 389 498 puer,
401 452 452 483 mee
462 452 511 482 sera
520 445 543 482 et
554 436 603 482 solu
612 435 728 499 voluptas,
852 445 853 450 ’

151 501 279 564 Complexu
289 509 369 557 tene03
387 502 519 563 graviorne
530 502 622 547 nuntius
631 516 698 548 sures
851 551 853 566 1

150 566 268 615 Vulneret.
302 566 363 613 Haec
373 569 464 628 genitor
473 566 576 628 digressu
585 566 645 612 diem
656 581 762 629 supremo

151 631 282 681 Fundebat:
300 631 378 678 famuli
389 631 512 692 collapsum
522 631 545 676 in
557 639 617 677 tecm
625 631 736 679 ferebant.

182 696 280 759 Jamque
289 697 345 744 adeo
355 696 441 743 exierat
450 695 521 756 portis
530 697 641 756 equitatus
651 698 752 758 apertis;

152 762 240 810 AEneas
250 763 308 809 inter
316 763 401 823 primos
410 769 434 807 et
443 759 502 806 fidus
513 759 626 817 Achaten

152 826 210 875 Inde
221 828 258 875 nlii
268 825 345 889 Trojae
354 839 472 888 proceres,
488 825 537 886 ipse
546 825 638 885 agmine
648 823 726 873 Pullus

153 891 183 939 In
194 892 275 946 medio,
286 890 403 951 chlamyde
414 896 438 936 et
446 890 511 951 pictis
521 898 655 951 conspectus
666 891 690 937 in
701 891 784 952 armis3

154 957 241 1012 Quslis,
252 957 289 1002 ubi
299 954 385 1002 Oceani
396 952 499 1021 perfusus
510 952 602 1001 Lucifer
612 954 680 1009 undi,

153 1022 229 1077 Quem
240 1019 320 1066 Venus
330 1026 383 1065 ante
392 1019 449 1065 ulios
459 1026 570 1065 astrorum
580 1018 667 1081 diligit
660 1035 736 1081 ignes,
766 1025 811 1070 ⁵90

152 1086 244 1136 Extulit
254 1099 378 1133 assuerum
388 1084 456 1137 coelo,
466 1084 611 1144 tenebrasque
622 1084 722 1131 resolvit·

152 1152 219 1199 Stant
228 1149 331 1212 pavidae
325 1163 350 1196 in
359 1150 431 1195 muris
441 1158 530 1203 matres,
541 1148 656 1210 oculisque
665 1156 789 1210 sequuntur

152 1215 287 1264 Pulveream
298 1215 387 1269 nubem,
398 1221 422 1260 et
432 1212 545 1289 fulgentes
556 1229 602 1261 aere
611 1222 721 1262 caterina.

152 1280 199 1329 Olli
210 1295 250 1343 per
259 1280 346 1335 dumos,
357 1277 401 1341 qud
410 1279 514 1341 proxima
523 1286 584 1325 mets
593 1278 688 1335 viarum,

153 1346 242 1394 Armati
253 1344 354 1392 tendunt.
387 1342 412 1389 lt
421 1344 514 1399 clamor,
525 1351 555 1398 et,
565 1345 657 1420 agmine
667 1344 733 1400 iacto.

154 1410 342 1487 Quadrupedaute
351 1415 441 1471 putrem
451 1410 527 1455 sonitu
534 1410 606 1471 quatit
613 1411 699 1473 ungula
706 1425 808 1473 campum.

153 1475 214 1525 Ru·
208 1490 289 1536 ingens
299 1475 399 1537 gelidum
408 1475 474 1521 lucus
484 1490 553 1537 prope
564 1473 656 1523 caeritis
666 1491 761 1533 amnem,

153 1540 283 1617 Belligione
292 1548 381 1602 patrum
391 1540 438 1586 late
448 1554 524 1597 saeer3
544 1540 642 1601 undique
652 1540 722 1587 colles

155 1601 271 1654 Inclusere
282 1605 338 1659 cavi,
350 1612 373 1652 et
384 1602 450 1666 nigrai
460 1618 540 1651 nemus
551 1605 623 1657 abiete
633 1606 736 1667 cingunt.

155 1672 247 1720 Silvano
257 1670 317 1717 fama
327 1677 362 1718 est
370 1678 458 1717 veteres
468 1667 567 1716 saeuisse
577 1669 736 1732 Pelasgos,
766 1671 809 1717 ω)

155 1738 270 1786 Arvorum
280 1737 410 1798 pecorisque
420 1733 483 1792 Deo,
494 1735 614 1812 lucumque
624 1735 734 1798 diemque,

61 1856 63 1867 Ι
74 1828 77 1835 .
156 1802 203 1857 Qui
214 1802 280 1862 primi
273 1799 347 1847 'fines
356 1800 476 1861 aliquando
486 1797 582 1846 habudre
593 1798 696 1849 latinns.

155 1866 228 1915 Haud
237 1866 314 1928 procul
325 1866 377 1912 hinc
387 1863 477 1911 Tarcho
486 1871 509 1911 et
519 1863 632 1925 Tyrrheni
643 1873 694 1913 tuta
703 1866 801 1914 tenebat
820 1880 822 1885 ·

156 1930 238 1981 cauri
247 1931 309 1985 locis,
320 1931 425 1991 celsoque
435 1929 509 1975 omnis
519 1930 548 1976 de
557 1929 616 1975 colle
625 1930 698 1978 rideri

155 1995 208 2044 Jnni
219 2003 307 2057 poterat
316 1995 384 2058 legio,
395 2002 419 2041 et
428 1995 480 2040 latis
490 1994 594 2041 tendebat
604 1994 628 2040 in
639 1997 707 2044 arvia

157 2059 213 2106 Huc
223 2067 287 2121 puter
294 2059 382 2107 AEiieas
392 2068 415 2106 et
424 2059 484 2107 bello
493 2059 668 2121 lectajuventus

156 2123 292 2179 Succedunt,
302 2124 400 2185 fessique
409 2133 433 2170 et
443 2139 513 2185 equos
523 2132 546 2170 et
556 2139 651 2184 corpora
660 2132 749 2174 curant.

189 2189 223 2234 At
233 2185 313 2234 Venus
324 2190 434 2237 {ethereus
445 2190 503 2236 inter
513 2187 567 2236 Dea
576 2188 671 2236 candidu
681 2190 769 2239 nimbos

156 2251 227 2301 Dona
237 2250 312 2299 ferens
322 2253 411 2311 ederat;
428 2261 550 2315 natumque
558 2254 583 2301 iu
594 2254 654 2300 valle
664 2254 759 2304 reduci
809 2302 812 2307 .

157 2317 193 2365 Ut
203 2316 281 2379 procul
291 2318 380 2379 egelido
391 2326 502 2366 secretum
513 2317 606 2366 flumine
617 2319 681 2374 vidit,
699 2370 703 2373 ,
771 2321 814 2370 oin

155 2382 248 2431 Talibus
258 2380 326 2428 affatu
336 2390 370 2429 est
380 2383 452 2436 dictis,
461 2399 529 2444 seque
539 2384 620 2430 obtulit
630 2383 705 2432 ultro:

155 2447 201 2503 En,
213 2445 312 2508 perfecta
319 2447 364 2492 mei
373 2445 484 2508 promissi
493 2450 597 2518 conjugis
608 2455 658 2494 arte

156 2511 271 2566 Munera;
289 2525 379 2557 uemox
389 2522 428 2557 eut
439 2510 572 2566 [serentes.
583 2519 642 2565 nale,
654 2513 769 2573 superbos.

157 2575 207 2622 Aut
217 2588 292 2623 acrem
303 2574 389 2624 dubites
400 2575 423 2624 in
434 2576 514 2639 puel'n
521 2591 619 2642 poscere
629 2574 743 2627 Turnum.
802 2600 809 2629 i
