1709 2925
211 429 248 494 P.
269 427 474 495 VIRGILII
502 427 728 517 MARONIS

353 569 579 646 AENEIDOS

288 731 421 783 runnu
445 732 649 788 oumrno

133 1026 245 1075 Imm
255 1027 354 1077 medium
366 1026 454 1076 AEnens
459 1029 508 1091 jam
519 1028 591 1074 classe
600 1028 693 1075 tenebat

135 1091 218 1142 Certus
228 1095 278 1151 iter,
290 1092 417 1154 fluctusque
427 1102 489 1140 atros
499 1093 614 1154 Aquilone
624 1093 723 1150 secabat,

132 1157 225 1219 Meuia
234 1159 363 1220 respiciens,
374 1161 480 1221 quaejam
491 1157 586 1204 infelicis
596 1157 682 1205 Elissae

134 1221 256 1272 collucent
266 1223 371 1279 flummiu
398 1223 459 1277 Quae
470 1231 557 1270 tantum
568 1222 695 1269 accenderit
706 1223 788 1285 ignoti,

135 1286 211 1337 Conna
220 1289 290 1336 latet:
310 1289 359 1335 duri
370 1303 455 1351 magno
466 1289 506 1335 sed
517 1303 593 1335 amore
603 1287 694 1334 dolores
723 1315 725 1318 -

134 1352 233 1409 Pollulo,
245 1362 375 1415 notumque,
384 1352 463 1401 furens
474 1353 526 1415 quid
537 1352 621 1399 femina
629 1353 709 1412 possit,

133 1417 210 1466 Triste
220 1434 260 1481 per
271 1419 390 1482 augurium
398 1418 538 1467 Teucrorum
549 1426 639 1481 pectora
649 1418 743 1467 ducunt

134 1483 170 1531 Ut
180 1484 274 1546 pelagus
284 1481 454 1541 tenuere‘rntes,
466 1500 508 1531 neo
515 1487 562 1547 Jam
574 1483 670 1545 amplius
681 1484 728 1530 ullu

133 1548 239 1597 Occurrit
248 1549 331 1612 tellus3
348 1550 418 1596 meria
428 1551 532 1611 undique,
544 1556 567 1596 et
577 1549 676 1610 undique
685 1550 781 1606 eoelum;

133 1613 180 1661 Olli
191 1614 303 1662 coeruleuo
311 1630 378 1676 uuprn
389 1622 456 1677 caput
466 1615 551 1662 adstitit
560 1614 639 1668 imber,
768 1617 796 1661 10

132 1678 233 1729 Noctem
243 1681 385 1742 hiememque
395 1679 470 1727 sereno
476 1697 484 1738 3
502 1688 525 1726 et
535 1680 646 1726 inhorruit
659 1680 721 1727 unda
736 1687 794 1727 tene·

229 1746 283 1793 bris.

132 1809 187 1874 Ipse
197 1812 334 1874 gubemntor
343 1811 411 1873 puppi
423 1809 543 1857 Palinurus
554 1810 581 1856 nb
592 1809 651 1856 aut:

132 1876 204 1925 Heu!
222 1878 327 1938 quianam
338 1877 395 1923 tanti
406 1876 526 1922 cinxerunt
536 1876 620 1922 aethern
630 1874 716 1921 nimbi?

132 1941 229 1996 Quidve,
241 1950 304 2004 pater
315 1941 428 2004 Neptune,
440 1939 521 2002 pomo?
550 1940 588 1986 sic
598 1940 679 1986 deinde
689 1940 775 1988 locutus

132 2004 249 2068 Colligere
259 2023 321 2054 erma
327 2008 398 2069 jubet,
409 2005 533 2067 validisque
543 2005 672 2051 incumbere
682 2007 762 2064 remis3

131 2071 281 2132 Obliquntque
292 2072 355 2118 sinuo
365 2072 389 2118 in
401 2079 501 2126 ventum,
512 2086 538 2117 nc
549 2070 602 2116 tuta
611 2069 687 2116 fatur:

129 2135 281 2197 Magnanimo
291 2136 373 2192 AEnen,
386 2152 440 2192 non,
453 2136 472 2182 oi
483 2136 537 2183 milri
548 2134 637 2196 Jupiter
648 2143 725 2181 auctor

133 2200 253 2263 spondent,
265 2200 308 2246 hoo
320 2216 407 2262 sperem
416 2200 509 2255 ‚Italiam
520 2201 652 2260 contingere
663 2200 726 2248 eoelo.

130 2264 217 2312 Mutati
227 2269 354 2311 transversa
363 2265 470 2319 fremunt,
478 2273 506 2316 ,et
517 2279 609 2327 vespere
619 2265 648 2310 ab
658 2271 706 2311 atro

131 2329 281 2390 Consurgunt
291 2330 360 2384 venti,
372 2337 440 2390 utque
451 2331 475 2376 in
486 2331 567 2376 nubem
578 2329 668 2391 cogitur
679 2329 722 2377 a'er.
759 2333 789 2378 20

130 2395 183 2443 Nee
195 2409 237 2441 nos
247 2394 318 2447 obniti
329 2400 412 2449 contra,
425 2410 468 2441 nec
476 2395 568 2442 tendere
578 2401 666 2440 tantum

128 2459 265 2508 Sufficimus.
296 2459 392 2520 Superat
402 2460 508 2520 quoniam
517 2458 624 2513 Fortuna,
637 2473 761 2518 sequanum

129 2525 228 2585 Quoque
237 2530 311 2579 voert,
322 2531 437 2571 vertamus
446 2525 497 2570 iter.
527 2523 579 2571 Nee
589 2524 655 2571 litora
664 2523 729 2586 longe

127 2588 186 2636 Fide
195 2604 246 2637 reor
256 2588 354 2636 fraterna
365 2588 454 2650 Erycis,
466 2597 588 2651 portusque
600 2589 706 2646 Sinonem

126 2654 152 2702 Si
163 2653 231 2704 modo
242 2655 284 2702 rite
294 2668 381 2703 memor
391 2660 481 2702 servata
491 2655 597 2703 remetior
608 2660 675 2701 astru.
