1709 2925
112 122 163 168 366
300 110 465 166 AENEIDOS
481 112 596 165 Luxt

115 247 159 296 Bis
170 248 247 313 rq'eoti
258 248 326 295 ermis
337 254 466 310 respeotom
476 254 541 309 tergo
551 252 668 309 tegentes.
740 252 789 296 680

112 311 194 361 Tertio
205 313 245 361 sed
254 320 373 376 postquem
385 313 501 373 congressi
513 313 537 358 in
547 312 639 374 proelin,
650 320 715 359 totas

113 376 252 441 Implicudre
263 379 321 425 inter
333 392 358 424 se
369 378 436 432 noles,
447 377 548 439 legitque
557 378 634 423 virum
645 378 699 434 vir3

111 441 174 490 Turn
186 458 240 491 vero
251 450 276 491 et
285 443 385 505 gemitus
395 442 539 495 morientdm.
551 450 575 487 et
586 443 702 503 sanguine
710 441 786 490 inulto

112 507 235 570 Armaque,
247 522 392 570 corporaque,
403 515 426 553 et
437 507 542 568 permixti
551 507 615 553 erede
625 507 732 555 virorum
779 536 783 542 ·

113 572 262 621 Semianimes
270 573 393 620 volvuntur
404 573 471 632 equi;
488 586 565 634 pugno
575 573 747 635 aspernsurgit.

114 636 248 686 Orsilochus
258 638 357 692 Remuli,
366 637 456 698 quando
466 638 539 699 ipsum
551 637 658 683 horrebat
667 637 739 691 adire,

115 701 215 761 Hnstom
226 705 317 751 intorsit
327 718 392 763 equo,
401 701 532 763 ferrumque
542 702 584 748 sub
595 716 650 747 aure
661 702 770 764 reliquit3

114 766 170 823 Quo
182 770 274 832 sonipes
283 770 331 816 ietu
342 767 397 814 lurit
409 768 498 822 arduus,
510 766 688 828 ultaquejoctat,

72 858 75 865 .
113 831 224 883 Vulneris
235 835 364 898 impatiens,
375 839 462 880 arrecto
472 839 564 895 pectore
574 846 657 878 crure:

113 896 224 948 Volvitur
235 900 273 947 ille
284 912 393 947 &cussus
402 898 473 944 humi.
506 895 604 945 Catillus
614 894 690 951 Iolao,
739 901 787 945 640

112 961 280 1026 lugentemque
291 964 378 1018 animis,
388 963 506 1025 ingentem
517 977 612 1023 empore
622 968 648 1008 et
658 963 730 1009 urnis

112 1027 201 1091 Dejicit
213 1029 374 1086 Herminium
391 1028 453 1075 nudo
464 1029 500 1074 eni
511 1028 596 1074 vertice
606 1026 672 1073 fulva

114 1092 234 1149 Caesories,
245 1094 343 1155 nudique
353 1094 456 1150 humeri3
473 1107 516 1139 nee
526 1092 620 1139 vulnero
629 1098 735 1151 terreot3

114 1157 203 1206 Tantus
213 1160 237 1206 in
248 1174 310 1206 armo
320 1165 389 1221 putet.
421 1156 494 1204 Latos
504 1157 556 1204 huic
567 1157 631 1203 hoste
640 1172 684 1218 per
693 1172 771 1204 mos

113 1223 176 1271 Actu
185 1226 268 1280 tremit,
279 1224 422 1286 duplicatque
433 1224 506 1270 virum
517 1220 625 1268 transfixa
635 1222 724 1270 dolore.

113 1287 227 1337 Funditur
237 1297 286 1338 nter
297 1290 378 1350 ubique
388 1303 470 1336 eruor:
489 1288 544 1334 dent
554 1286 636 1349 funere
645 1286 709 1332 ferro

115 1351 244 1409 cemntes,
255 1355 415 1417 pulchramque
424 1360 506 1415 petunt
516 1367 556 1415 per
566 1352 662 1399 vulnera
672 1360 779 1399 mortem.

147 1418 181 1467 At
191 1420 276 1468 medius
286 1420 346 1466 inter
358 1419 432 1467 caedes
442 1418 541 1466 exsultat
552 1416 670 1471 Amazon,

116 1483 197 1532 Unum
208 1492 297 1533 exserte
307 1486 366 1531 lotus
378 1500 472 1547 pugnae,
482 1485 610 1547 pharetrato
621 1481 721 1531 camina
727 1499 737 1540 3

117 1548 151 1598 Et
162 1566 222 1597 nune
232 1551 373 1597 lentn'mnnu
386 1564 495 1613 spargens
506 1549 594 1595 hostilia
605 1549 704 1605 denset;
738 1550 789 1596 650

115 1614 185 1663 Nunc
196 1616 292 1663 validum
303 1612 383 1665 dextri
393 1616 452 1677 repit
461 1613 572 1661 indefessa
582 1613 711 1675 bipennem.

115 1682 208 1729 Aureus
218 1695 248 1728 ex
258 1683 352 1728 humero
364 1688 429 1727 sonet
439 1695 511 1735 arcus,
523 1686 547 1725 et
556 1693 619 1726 erma
630 1677 725 1726 Dianae

115 1744 160 1794 Illa
170 1748 245 1801 etiem,
255 1746 274 1794 si
284 1746 372 1808 quondo
383 1747 407 1792 in
418 1752 508 1807 tergum
519 1744 584 1806 pulso
594 1744 698 1800 recessit,

116 1811 207 1874 Spicula
217 1827 327 1859 converso
336 1811 449 1873 fugientio
459 1810 537 1872 dirigit
546 1824 607 1856 arcu.
642 1836 647 1848 ι

115 1875 150 1924 At
161 1878 246 1925 circum
255 1878 322 1926 leetae
333 1876 435 1931 comites,
447 1873 577 1936 Larinaque
585 1875 660 1935 virgo,

114 1940 234 2004 Tullaque,
245 1950 269 1990 et
280 1951 371 1991 {erotem
383 1942 486 2004 quotiens
495 1938 593 2002 Torpein
603 1938 709 1995 securim,

115 2004 224 2068 Italides3
239 2023 294 2069 ques
304 2008 352 2070 ipse
363 2007 432 2054 denus
442 2006 484 2053 sibi
495 2005 531 2052 dia
542 2003 641 2053 Camillo

115 2069 220 2133 Delegit,
229 2074 335 2134 penisque
344 2073 415 2119 bonos
424 2071 521 2133 bellique
531 2070 646 2116 ministres
655 2084 662 2115 ι

116 2134 204 2190 Quales
214 2131 328 2198 Tpreioiae
338 2152 389 2184 cum
401 2135 496 2183 domins
506 2133 683 2188 Thermodontis
790 2165 792 2170 -

116 2198 219 2256 Pulsant,
232 2208 256 2247 et
265 2203 331 2263 pletis
341 2202 452 2249 belluntrn
463 2199 596 2247 Amazones
607 2198 692 2256 armis3
738 2199 789 2244 660

117 2266 163 2314 Seu
174 2265 258 2312 nircum
270 2265 418 2329 Hippolyten,
431 2280 533 2313 seueum
545 2279 569 2312 se
580 2264 668 2311 Martia
677 2276 747 2309 cum

119 2330 264 2377 Penthesilea
274 2330 350 2386 refert,
361 2345 491 2394 magnoque
501 2330 602 2377 ululame
613 2326 713 2375 tumultu

119 2393 229 2441 Femineo
239 2395 355 2441 exsultant
365 2396 449 2443 lunatis
460 2396 551 2455 agmina
561 2393 635 2455 peltis.
794 2449 796 2452 v

121 2457 197 2510 Quem
209 2458 255 2505 telo
266 2459 370 2520 primum,
382 2474 448 2520 quern
459 2467 606 2521 postremum,
617 2471 698 2519 aspero
709 2456 782 2517 virgo,

121 2518 229 2582 Dojioisl
246 2530 286 2569 eut
295 2523 352 2583 quot
362 2523 424 2569 humi
435 2524 556 2571 morientis
565 2536 661 2585 corporo
671 2519 767 2568 lundis?

119 2581 234 2634 Eunaeum
244 2584 322 2646 Clytio
332 2587 433 2646 primum'
441 2595 505 2649 patre
514 2605 522 2644 ;
539 2589 603 2650 cujus
614 2594 719 2648 apertum

120 2645 218 2694 Adverti
228 2648 299 2711 longai
310 2649 475 2700 nnusrubem
484 2653 559 2701 abiete
566 2659 655 2718 pectus·
