1709 2925
215 141 380 196 AENEIDOS
396 143 534 195 Luvm.
664 149 711 197 26⁷

26 273 161 329 cernatur,
173 275 330 337 trepidentque
339 276 440 323 immisso
450 277 536 323 lumine
547 274 638 325 Manes.

26 340 106 402 Erro
116 338 232 402 insperati
242 340 375 403 deprensum
386 343 410 387 in
420 343 472 388 luce
482 350 580 404 repente.

27 403 204 466 Inclusnmque
214 420 271 452 cavo
280 421 344 460 saxo,
355 414 422 466 etque
433 407 520 454 insueta
531 407 655 462 rudentem,

28 468 148 532 Desuper
158 469 251 516 Alcides
262 471 312 517 telis
320 472 409 533 premit,
420 474 539 533 omniaque
549 487 612 519 arma

29 534 153 589 Advocst,
164 542 188 581 et
199 536 267 581 ramis
278 536 392 595 vastisque
402 537 523 583 molaribus
534 537 608 583 instat.
657 538 706 583 250

27 596 82 645 Ille
90 606 177 652 sutem,
189 614 263 659 neque
273 601 333 646 enim
343 599 454 663 fugajam
466 617 533 663 super
544 601 590 648 ulla
599 600 682 663 pericli,

29 657 154 710 Faucibus
163 664 280 725 ingentem
290 664 384 720 sumum,
397 667 497 713 mirabile
508 666 576 721 dictu,

28 726 141 782 Evomit,
153 728 293 790 involvitque
303 730 394 776 domum
405 731 502 793 caligine
512 728 581 785 caeci,

30 791 189 854 Prospectum
200 794 297 857 eripiens
307 794 393 852 oculis3
410 795 566 857 glomeratque
576 795 618 842 sub
628 797 694 841 antro

29 856 179 904 Fumifersm
190 865 280 905 noctem
291 861 420 906 commixtis
428 861 485 922 igne
493 860 599 907 tenebris.

29 921 93 968 Nou
103 922 158 969 tulit
170 922 260 970 Alcides
270 924 358 977 animis,
370 940 439 985 seque
449 926 497 986 ipse
507 940 547 987 per
557 925 636 987 ignem

31 985 156 1048 Praecipiti
167 987 243 1050 injecit
253 988 319 1043 ssltu,
329 987 374 1049 qud
382 990 493 1050 plurimus
504 990 587 1036 undam

32 1050 126 1098 Fumus
138 1052 195 1114 agit,
205 1051 331 1113 nebulaque
340 1054 422 1115 ingens
433 1070 513 1116 specus
524 1061 606 1102 aestuat
616 1050 673 1101 atri.

33 1115 86 1163 Hic
98 1114 188 1165 Οωυιῐι
198 1117 223 1164 in
233 1118 330 1164 tenebris
341 1118 513 1180 incendissent
523 1127 653 1166 vomentem

34 1179 140 1244 Corripit
150 1181 174 1227 in
185 1182 269 1228 nodum
281 1182 418 1244 complexus,
431 1190 454 1230 et
463 1183 528 1246 angit
537 1183 650 1231 inbaerens

33 1244 114 1293 Elisos
126 1246 212 1301 oculos.
224 1254 248 1292 et
256 1247 343 1293 siccum
353 1248 465 1309 sanguine
474 1255 561 1309 guttur.
656 1251 703 1296 261

33 1310 150 1359 Panditur
159 1311 273 1373 extemplo
283 1311 368 1358 foribus
379 1312 460 1359 domm
470 1320 519 1359 atra
529 1312 642 1371 revulsis;

33 1376 211 1437 Abstractseque
220 1377 290 1424 boves
301 1377 450 1438 abjurstaeque
460 1378 545 1440 rapinae

35 1439 105 1490 Coelo
117 1441 274 1497 ostenduntur,
285 1441 421 1505 pedibusque
431 1442 527 1491 informe
538 1444 633 1493 cadaver

33 1505 187 1554 Protrahitur.
222 1506 347 1568 Nequeunt
357 1507 441 1570 expleri
452 1510 519 1556 corda
530 1510 613 1557 tuendo

33 1570 159 1626 Terribiles
170 1572 254 1625 oculos,
265 1572 361 1628 vultum,
371 1573 496 1634 villosaque
505 1576 561 1622 setis

34 1636 134 1693 Pectora
146 1636 251 1692 semiferi,
262 1646 329 1698 atque
339 1639 464 1686 exstinctos
473 1638 573 1686 faucibus
583 1640 657 1703 ignes·

33 1701 75 1750 Ex
85 1703 126 1749 illo
137 1703 263 1749 celebratus
273 1703 352 1758 honos,
362 1704 455 1766 laetique
465 1705 565 1752 minores

34 1764 164 1815 Serssvere
174 1767 241 1822 diem,
251 1767 382 1829 primusque
393 1767 492 1816 Potitius
502 1776 586 1824 auctor,

34 1830 69 1880 Et
80 1833 162 1880 domus
174 1830 285 1879 Herculei
296 1842 373 1880 custos
384 1831 475 1880 linaria
486 1834 542 1880 sacri
655 1834 706 1880 270

35 1894 121 1961 [Hanc
132 1911 193 1944 nram
204 1897 256 1944 luco
267 1899 352 1952 statuit,
363 1913 415 1960 quae
426 1898 530 1944 Maxima
541 1911 629 1959 semper

35 1962 136 2010 Dicetur
147 1963 217 2017 nobis,
229 1969 253 2008 et
263 1963 306 2009 erit
316 1978 369 2024 quae
379 1964 478 2010 maxims
488 1961 595 2027 semper]

35 2027 115 2082 Quare
125 2017 193 2088 agite,
205 2028 330 2089 oJuvenes,
340 2034 454 2074 tantarum
464 2028 488 2074 in
500 2043 593 2074 munere
603 2027 693 2076 laudum

37 2090 133 2155 (Fingite
142 2091 223 2138 fronde
233 2107 319 2150 comas,
330 2102 354 2139 et
363 2094 444 2156 pocula
453 2094 543 2155 porgite
553 2092 644 2147 dextris,

36 2155 236 2217 Communemque
245 2164 326 2205 vocate
338 2157 422 2212 Deum,
434 2165 458 2204 et
468 2157 520 2205 date
530 2158 583 2204 vina
593 2159 703 2209 volentes.

35 2221 150 2278 Dixerat3
168 2220 286 2269 Herculei
295 2222 380 2269 bicolor
390 2238 444 2287 cum
453 2223 549 2285 populus
560 2224 638 2272 umbri

35 2285 173 2347 velavitque
184 2301 270 2345 comos,
280 2286 385 2348 foliisque
393 2287 477 2334 innexa
487 2289 592 2351 pependit
598 2308 605 2349 ;

35 2349 71 2400 Et
81 2366 144 2398 sacer
154 2351 256 2413 implevit
266 2351 367 2399 dextram
379 2354 484 2414 scyphus.
516 2353 596 2414 Ocyus
606 2370 686 2404 omnes

36 2415 66 2463 In
76 2418 178 2462 menum
190 2416 237 2462 laeti
247 2416 323 2471 libant,
334 2415 455 2478 Divosque
463 2425 590 2479 precantur.

68 2480 168 2540 Devexo
179 2480 264 2528 interea
273 2482 364 2544 propior
373 2480 401 2528 fit
410 2481 499 2545 Vesper
509 2482 624 2543 Olympo:
653 2487 703 2531 280

35 2546 134 2607 Jamque
144 2546 272 2606 sacerdotes
282 2548 415 2608 primusque
422 2545 601 2607 Potitiusibant,

37 2611 136 2660 Pellibus
146 2611 171 2657 in
183 2626 269 2659 morem
280 2612 355 2667 cincti,
365 2610 511 2673 flammasque
521 2609 628 2660 serebant.

38 2675 181 2741 [Instaurant
191 2676 275 2740 epulas,
286 2683 310 2726 et
320 2691 406 2739 mense
415 2683 481 2739 grata
492 2672 597 2721 secundas

449 2742 452 2747 ’
473 2753 486 2785 s
497 2743 513 2785 3
