1709 2925
340 168 471 233 cunata
693 186 750 235 sss

66 312 134 364 llinis
145 320 168 362 et
178 310 251 378 nigrae
262 316 286 361 et
296 313 384 377 species
393 312 454 362 haud
464 313 519 361 laeta
528 326 663 377 cupressu„
723 314 733 355 ’,

67 380 237 440 Umbrosaequa
247 386 325 442 patent
335 379 416 441 fagus3
434 380 568 441 bederseque
577 379 677 442 ligantes

66 445 185 503 Brachia;
200 444 312 492 fraternos
322 444 411 506 plangit
420 459 472 504 quae
480 444 576 506 populus
587 445 662 495 ictusr
693 445 742 493 140

66 510 133 574 Ipsae
143 510 267 557 succedunt
277 509 306 557 ad
316 524 406 556 summa
413 510 530 556 cacumina
539 509 615 565 lentae,
668 538 672 545 »

65 575 219 638 Pinguutque
228 574 331 622 aureolos
341 574 407 623 viridi
417 573 502 636 pallore
512 575 649 635 corymbosg

67 641 144 696 Qureis
154 641 230 687 aderat
240 639 324 686 veteris
335 646 423 700 myrtus
435 654 481 685 non
492 639 568 685 nescia
578 639 626 688 fati.

64 707 104 755 At
113 704 217 752 volucres
227 705 309 767 patulis
319 705 444 751 residentes
454 703 527 750 dulcia
538 704 605 751 ramis
706 754 711 764 ,

65 770 178 820 Carmina
188 785 228 832 per
238 770 313 817 varios
324 769 394 816 edunt
405 769 533 816 resonantia
543 777 639 817 cantus:

64 835 188 896 Adstrepit
198 841 222 881 et
232 834 313 898 gelidis
323 846 418 882 manans
428 850 442 881 e
452 833 551 881 sontibus
559 835 626 890 unda,

65 901 132 956 Qua
140 900 227 947 levibus
237 900 349 962 placidum
361 899 415 945 rivis
427 910 493 946 sonat
503 906 552 946 orta
562 899 690 960 liquorem

64 965 104 1015 Et
111 965 195 1012 dacum
206 966 310 1027 geminas
321 965 397 1011 avium
408 979 455 1011 vox
466 964 575 1027 obstrepit
585 979 664 1013 aures:

65 1030 134 1079 Hinc
144 1031 248 1092 querulas
259 1029 360 1078 referunt
370 1034 448 1087 voces,
459 1031 522 1090 queis
532 1030 610 1077 nantia
619 1030 675 1078 limo

65 1095 172 1158 Corpora
182 1096 275 1156 lympha
283 1094 362 1142 fovete
382 1096 470 1142 sonitus
479 1095 520 1141 alit
530 1095 588 1142 aeris
599 1097 663 1153 eobo,
693 1097 741 1145 150

63 1161 167 1223 Argutis
177 1168 200 1208 et
210 1167 292 1207 cuncta
302 1160 403 1206 fremunt
412 1161 503 1207 arbusta
513 1160 604 1207 cicadis.

63 1227 103 1276 At
111 1226 171 1273 circa
180 1225 248 1273 fessae
258 1226 341 1288 passim
352 1222 451 1272 cubuere
461 1224 555 1287 capellae

64 1291 174 1342 Excelsis
185 1292 261 1338 subter
271 1291 351 1345 dumis,
363 1305 420 1351 quos
432 1290 513 1336 leniter
523 1288 602 1338 afflans

63 1357 135 1406 Aura
145 1355 281 1404 susurrantis
290 1356 362 1418 possit
372 1354 512 1402 confundere
522 1356 593 1401 venti·

101 1421 191 1479 Pastor,
202 1428 229 1469 ut
239 1421 267 1469 ad
274 1421 362 1469 ionum
372 1419 443 1468 deusd
454 1421 564 1483 requievit
573 1421 598 1468 in
609 1418 694 1479 umbrd,

63 1488 154 1541 Mitem
164 1488 275 1550 concepit,
285 1488 399 1551 projectus
409 1487 517 1542 membra,
529 1501 642 1550 soporem,

61 1553 160 1604 Annus
169 1553 256 1601 insidiis
266 1551 333 1600 nullis
341 1567 349 1611 ς
367 1553 407 1599 sed
413 1553 491 1600 lentus
500 1553 525 1600 in
534 1553 610 1600 hubis

63 1620 153 1669 Securo
163 1634 254 1681 pressos
265 1633 346 1666 somno
356 1619 503 1665 mandaverat
513 1625 583 1665 anus.

64 1685 159 1733 Stratus
169 1683 233 1731 humi
243 1683 332 1731 dulcem
343 1681 445 1745 mpiebnt
454 1682 524 1729 corde
533 1683 650 1744 quietem3

60 1748 99 1799 Ns
110 1747 188 1797 Fora
181 1756 281 1796 incertos
290 1748 401 1796 voluisset
410 1747 493 1795 ducere
502 1762 583 1794 casus:
692 1749 741 1796 160

61 1813 128 1864 Cum
139 1815 231 1862 solitum
241 1814 337 1861 volvens
347 1814 376 1861 ad
387 1820 477 1875 tempus
487 1813 595 1872 tractibus
604 1808 678 1861 ledan

58 1878 177 1927 Immanis
186 1880 250 1928 vario
260 1879 386 1927 maculatus
395 1893 490 1941 corpore
501 1891 601 1940 serpens,

60 1944 160 1995 Mersus
171 1952 196 1991 ut
207 1945 232 1992 in
242 1944 299 1991 limo
309 1959 406 2007 magnos
417 1944 542 1990 subsideret
552 1949 631 1999 aestus,

61 2010 141 2059 Obvia
151 2010 247 2057 vibranti
257 2009 359 2057 lambens
369 2010 446 2072 gravis
457 2023 497 2055 ore
507 2008 618 2071 trilingui,

61 2076 205 2138 squamosos
214 2075 261 2122 late
270 2075 388 2136 torquebat
398 2075 494 2121 nexibus
505 2073 578 2121 orbes.

60 2139 184 2190 Pallebant
194 2140 270 2187 berbae
280 2140 344 2187 visus
354 2139 446 2187 liuemis
457 2139 485 2186 ad
496 2153 581 2186 auram.

58 2205 118 2258 Jam
129 2206 204 2268 magis
214 2212 282 2267 atque
292 2205 366 2267 magis
376 2219 458 2267 corpus
470 2204 590 2251 resolubile
599 2203 706 2260 volvens,

60 2271 159 2321 Attollit
168 2270 245 2318 nitidis
254 2277 334 2333 pectus
344 2270 477 2333 fulgoribus,
485 2277 508 2316 et
519 2284 545 2317 se

61 2336 161 2386 Sublimi
171 2336 260 2384 cervice
271 2337 344 2397 rapit3
361 2335 414 2382 dum
426 2336 502 2391 crista,
513 2349 610 2412 superna
658 2349 659 2358 ¹

60 2402 141 2456 Edita,
152 2415 265 2463 purpureo
275 2401 354 2448 lucens
364 2399 490 2448 maculatur
500 2401 591 2455 amictu,
690 2399 739 2445 170

61 2467 229 2529 Adspectuque
238 2466 324 2513 micant
334 2465 474 2513 flammantia
483 2466 570 2511 lumina
580 2465 655 2510 torvo.

58 2532 169 2581 Metabat
178 2531 254 2579 late
235 2545 319 2578 careum
329 2532 393 2579 loca.
413 2538 462 2578 tum
474 2530 536 2576 videt
547 2526 640 2605 [berbi]

60 2598 194 2646 Adversum
205 2596 312 2644 recubare
323 2596 404 2643 ducem
415 2596 501 2659 gregis.
533 2594 616 2641 Acrior
627 2597 704 2648 instat,

59 2662 166 2712 Lumina
175 2660 319 2709 diffundens
312 2668 406 2716 intenta,
419 2675 459 2708 ore
469 2660 536 2706 obvia
546 2665 613 2706 torvo

55 2728 153 2793 Saepius
164 2726 274 2792 nsipiens
282 2726 412 2793 infringere,
423 2725 486 2789 quud
496 2738 538 2771 sua
548 2722 668 2787 quisquam

469 2793 486 2838 2
497 2793 542 2838 ιδ
