1709 2925
148 134 184 182 eo
332 122 519 175 Bucomcs.
535 124 595 174 Ecr.
605 125 639 173 Χ.

151 251 242 300 Uridus
252 250 343 300 hibernd
353 254 416 301 venit
426 254 455 300 de
464 252 547 316 glsnde
557 252 684 303 Menalcas.
788 262 820 305 w

149 316 243 373 Omnes,
257 317 325 364 Unde
335 333 399 365 arnor
409 319 458 371 iste,
471 326 559 380 rogent,
571 319 625 365 tibi?
638 319 709 370 Venit
716 321 816 384 Apollo:

150 382 224 437 Galle,
237 383 291 442 quid
301 382 402 430 insonis?
418 384 504 444 inquit:
524 391 563 431 tus
572 399 627 431 curs
637 383 734 447 Lycoris

148 445 237 507 Perque
248 448 311 494 nives
321 448 390 495 elium
398 463 485 511 perque
496 448 585 495 horride
594 456 668 498 cestre
678 459 757 498 secuta
763 459 807 500 ert.

148 509 219 559 Venit
230 518 253 559 et
263 514 347 575 agresti
358 513 437 574 cepitis
449 513 554 561 Silvanus
564 514 651 561 honore

147 574 268 624 Florentes
275 577 359 624 ferulas
369 585 393 625 et
403 578 497 639 grundis
506 577 551 624 lilia
562 593 677 639 quassans.

147 640 197 688 Pon
205 642 261 689 deus
271 642 376 690 Arundiae
385 644 465 699 renit3
481 657 547 703 quem
557 644 655 691 ridimus
665 645 707 707 ἤρα’

147 706 283 769 sanguineis
293 708 352 754 ebuli
360 708 436 755 buccis
446 708 560 769 minioque
569 709 694 761 rubentem.

145 769 233 833 Ecquis
242 773 285 819 erit
294 773 394 819 modus?
410 773 489 833 inquit.
517 772 591 819 Amor
601 789 646 821 non
657 773 711 830 teliu
722 782 796 823 curat.

145 834 198 883 Nec
207 836 313 899 lacrymis
324 837 420 883 crudelis
430 837 510 892 Amor,
522 852 564 884 nec
574 839 675 900 gremius
685 840 747 894 rivis,

145 899 197 948 Neo
208 903 281 962 cytiso
293 908 421 948 saturentur
431 917 490 964 apes,
501 916 544 949 nec
553 901 634 949 fronde
644 904 744 966 capellae.
780 908 814 952 30

143 964 228 1014 Tristis
239 973 262 1013 et
274 966 317 1020 ille,
328 965 416 1013 Temen
427 967 551 1022 cenubitis,
564 968 670 1023 Arcades,
681 969 764 1030 inquit,

143 1028 264 1078 Montibus
274 1032 323 1078 haec
334 1033 429 1089 vestrie;
447 1032 489 1079 soli
500 1039 590 1079 canere
600 1033 665 1094 periti

142 1095 251 1143 Arcades.
283 1095 306 1143 0
317 1098 372 1143 mihi
380 1105 428 1143 tum
439 1112 506 1158 quem
517 1097 615 1145 molliter
625 1112 677 1145 osse
686 1098 812 1159 quiescent,

143 1158 228 1208 Vestra
238 1176 301 1209 moos
312 1162 366 1208 olim
377 1163 396 1208 si
406 1161 482 1209 fistule
492 1163 551 1209 dicet
558 1163 659 1210 sorores!

142 1224 221 1287 Atque
231 1227 316 1274 utinam
327 1241 357 1274 ex
366 1227 431 1281 vobio
441 1242 507 1282 unus,
518 1228 631 1289 vestrique
640 1227 734 1275 funsem

143 1289 194 1338 Aut
204 1297 280 1338 custos
290 1293 374 1354 gregis,
387 1300 425 1339 sut
436 1297 531 1339 meturae
542 1293 626 1339 vinitor
636 1292 701 1341 urae!

143 1353 219 1410 Certe,
232 1356 280 1402 sive
290 1357 345 1402 milri
355 1356 450 1417 Phyllis.
462 1358 510 1403 sive
520 1364 580 1404 esset
591 1358 711 1418 Amyntas,

142 1419 188 1468 Seu
199 1420 333 1482 quicumque
341 1419 411 1477 furor,
424 1421 489 1485 (quid
497 1422 579 1477 tum‚si
590 1421 668 1471 succus
675 1422 810 1484 Amyntas?

141 1483 175 1531 Et
186 1485 259 1547 nigrae
268 1486 336 1533 violae
347 1494 406 1542 sunt,
418 1494 442 1533 et
453 1488 554 1534 vaccinia
563 1486 639 1550 nigre)

141 1548 236 1596 Mecum
248 1550 307 1597 inter
317 1550 396 1598 selioes
405 1549 468 1598 lenti
478 1553 519 1598 sub
529 1553 685 1615 viteJeceret3
735 1578 738 1585 ι
776 1559 810 1603 40

140 1614 207 1661 Sorte
217 1613 272 1661 mihi
283 1613 372 1676 Phyllis
382 1615 474 1678 legeret,
487 1623 586 1664 conteret
596 1618 718 1678 Amyntor.

141 1674 190 1725 Hie
200 1678 269 1742 gelidi
279 1678 370 1738 sontes3
387 1680 424 1726 hic
434 1682 511 1728 mollis
520 1689 589 1744 prete,
602 1681 685 1743 hycori
691 1698 699 1740 ς

141 1742 190 1791 Hie
201 1759 295 1802 nemus3
312 1744 349 1790 hic
358 1745 408 1807 ipso
418 1752 494 1793 tecum
506 1762 649 1794 consumerer
659 1763 718 1794 aevo.

138 1806 210 1867 Nunc
220 1810 312 1857 insanus
322 1823 387 1858 emor
396 1811 446 1861 duri
455 1820 480 1859 te
491 1810 575 1859 Martis
584 1812 608 1857 in
619 1813 686 1858 ermis

137 1871 198 1921 Tele
207 1875 266 1922 inter
275 1875 349 1924 medis
356 1882 426 1937 atque
436 1875 542 1923 adversos
552 1877 637 1923 detinet
646 1877 730 1924 hostes.

137 1936 176 1984 Tu
186 1940 264 2000 procul
275 1938 371 2002 npstrid
382 1942 436 2004 (uec
446 1941 476 1987 rit
486 1942 540 1988 mihi
551 1941 641 1988 credere
651 1948 740 1989 tentum
748 1941 768 2004 l)

139 2002 243 2065 Alpinus,
254 2005 283 2051 ab
294 2004 362 2053 dure!
379 2006 444 2053 nives
455 2013 479 2051 et
487 2006 574 2068 frigore
583 2004 658 2052 Rheni

137 2066 182 2115 Me
192 2067 241 2115 sine
252 2067 300 2116 sols
310 2069 379 2118 vides.
411 2069 465 2117 Ah!
482 2077 506 2117 te
516 2085 546 2118 ne
555 2070 640 2131 frigore
649 2070 749 2121 laedant!

136 2130 189 2180 Ah!
207 2131 247 2181 tibi
257 2147 287 2179 ne
297 2140 385 2181 terrem
395 2133 480 2196 glucies
491 2143 552 2183 secet
562 2139 640 2196 aspere
650 2135 753 2197 plnum!

135 2188 186 2252 ΙΙ»,
197 2201 227 2252 ei,
240 2193 369 2245 Chelcidico
379 2214 432 2259 quae
442 2206 495 2246 sunt
505 2199 560 2246 mihi
571 2200 660 2247 condite
670 2216 739 2250 versu
772 2206 805 2253 50

136 2258 251 2318 Carmine,
261 2262 357 2324 postoris
369 2262 439 2310 Siculi
447 2264 577 2316 modulabor
583 2262 661 2315 svend.

135 2322 231 2375 Certum
243 2334 278 2374 est
288 2326 312 2374 in
323 2325 391 2382 silvis,
403 2329 463 2376 inter
473 2328 555 2391 spelaeu
563 2328 661 2376 ferarum

134 2388 210 2438 Melle
218 2392 272 2453 peti,
282 2392 409 2454 tenerisque
416 2408 480 2440 meos
490 2393 586 2440 incidere
596 2408 685 2441 amores

135 2454 274 2504 Arboribusr
293 2465 396 2503 crescent
405 2457 467 2515 illae;
484 2459 596 2513 crescetis,
607 2474 704 2507 umores.

134 2516 227 2568 Interes
236 2520 313 2568 mixtis
322 2521 422 2568 lustrabo
429 2521 532 2570 Maenslu
542 2521 670 2584 Nymphis;

133 2583 185 2630 Aut
195 2599 257 2632 acres
267 2586 366 2633 verebor
376 2601 458 2648 upros;
474 2602 520 2634 non
531 2601 568 2633 me
578 2587 624 2634 ulls
633 2587 742 2637 vetabunt

133 2646 230 2713 Frigore
237 2649 371 2702 Parthenios
381 2651 473 2700 ombus
482 2651 619 2700 circumdsre
628 2651 706 2703 altus
