1709 2925
280 150 447 206 AENEIDOS
463 150 517 200 Lm.
527 151 559 207 V,
708 161 755 214 199

77 281 153 337 Quos
164 282 238 329 bonus
248 279 337 329 AEueas
347 283 412 331 dictis
423 283 509 331 solatur
518 282 605 341 amicis,
707 291 756 340 770

74 346 121 394 Et
132 348 302 409 cornuguiuen
313 347 440 408 lscrymaus
449 348 592 395 commendat
603 347 702 414 Acestae.

74 410 145 459 Tres
155 411 228 472 Eryci
239 412 330 465 vitulos,
341 420 365 460 et
375 411 555 474 Tempestatibus
565 428 657 475 agnam

72 474 352 538 Caederedeindejubet,
363 477 465 538 solvique
475 492 504 524 ex
514 478 593 525 ordine
601 478 687 528 sunem.

72 537 146 602 Ipse,
157 550 226 603 caput
237 549 309 588 tunsae
319 539 380 587 foliis
390 542 493 589 euinctus
503 543 578 597 olive
685 575 688 581 ι

77 605 154 652 Stans
165 606 244 667 procul
255 607 278 666 in
289 604 356 666 prurd
367 613 466 667 pateram
478 615 546 660 tenet,
558 615 653 668 extaque
665 610 735 660 salsos

76 668 184 717 Potricit
197 669 321 724 inductus,
333 685 358 717 uc
370 672 423 718 virus
433 672 556 731 linquentis
566 671 647 722 tundit.

78 732 235 796 Prosequitur
245 750 340 796 surgens
351 750 365 781 a
375 737 443 797 puppi
454 742 536 782 uentus
546 744 633 784 euntes.

77 789 195 848 Certatim
207 800 262 846 socii
272 799 355 846 feriunt
365 816 434 854 mare,
445 808 469 847 et
480 815 569 861 aequora
579 810 679 852 verrunt.

116 864 150 911 At
160 863 242 912 Venus
253 865 337 911 interes
348 864 480 927 Neptunum
492 867 591 912 exercita
600 868 660 915 curis

76 927 223 989 Alloquitur,
235 930 335 990 talesque
345 929 441 977 effundit
452 939 543 991 pectore
552 940 659 991 questus:
702 939 751 985 780

76 992 182 1041 Jununis
191 994 269 1055 gravis
279 995 319 1049 ira,
330 1009 372 1041 nec
383 996 532 1042 exsaturabile
542 1004 627 1057 pectus,

77 1056 179 1121 Cogunt
188 1074 233 1113 me,
245 1058 361 1121 Neptune,
371 1075 449 1120 preces
459 1061 593 1108 descendere
604 1062 627 1108 in
638 1078 732 1123 omnes;

74 1122 158 1177 Quum
171 1138 213 1170 nec
223 1124 294 1186 longa
304 1124 358 1179 dies,
368 1126 440 1186 pietas
450 1141 492 1172 nee
502 1127 592 1188 mitigat
602 1127 661 1188 ulls;

75 1186 133 1234 Nec
143 1187 211 1238 Jovis
223 1189 316 1250 imperio
326 1188 408 1236 setisve
418 1189 513 1238 infracta
524 1192 625 1250 quiescit.

76 1250 136 1299 Non
147 1251 224 1300 medii
233 1254 261 1299 de
272 1261 341 1315 gente
353 1254 472 1317 Phrygum
483 1255 585 1302 exedisse
596 1256 697 1306 nefandis

76 1316 170 1378 Urbem
181 1318 238 1365 odiis
249 1319 302 1365 satis
312 1327 354 1372 est,
366 1335 408 1366 nec
418 1334 509 1381 poensm
520 1328 584 1367 traxe
594 1338 734 1384 peromnem

75 1380 219 1444 Relliquias:
237 1382 314 1446 TruJ'ae
325 1386 412 1431 cineres
422 1394 490 1445 atque
500 1399 552 1432 ossa
561 1395 668 1448 peremtae

76 1444 218 1511 Ipsequitur.
245 1446 331 1498 Caussa
342 1452 398 1497 tanti
409 1452 465 1498 sciat
476 1451 514 1498 ilis
523 1449 612 1501 furoris.
717 1496 719 1503 ,

76 1509 133 1574 Ipse
143 1514 199 1560 mihi
211 1528 281 1577 nuper
293 1513 385 1575 Libycis
396 1523 421 1563 tu
433 1517 497 1563 testis
507 1518 531 1562 in
542 1519 614 1574 undis,
698 1522 747 1570 789

76 1577 155 1632 Quam
167 1578 250 1626 molem
262 1580 335 1627 subito
346 1581 446 1628 excierit.
473 1581 548 1629 Maria
558 1583 634 1631 omniu
644 1583 704 1631 coelo

75 1640 182 1698 Miscuit,
193 1642 277 1691 AEuliis
288 1646 437 1707 nequidquam
448 1645 505 1694 freta
515 1647 625 1709 procellis,

76 1704 107 1753 In
119 1709 197 1771 regnis
208 1709 250 1756 hoe
261 1724 315 1757 uusa
325 1711 378 1757 tuis.

66 1771 124 1821 ⁴Per
134 1773 209 1820 scelus
219 1788 271 1821 ecee
282 1776 349 1822 eduin
360 1774 465 1839 Trnjtsnis
476 1777 584 1822 matribus
593 1776 650 1823 actis

74 1835 174 1885 Exussit
183 1837 245 1886 soede
254 1854 354 1902 puppes3
372 1848 396 1887 et
405 1841 478 1886 classe
488 1841 584 1902 subegit

73 1900 170 1949 Amissi
180 1904 254 1950 socios
265 1905 350 1967 ignote
360 1905 462 1965 linquere
473 1912 547 1951 temae·

75 1966 147 2021 turon
158 1977 274 2029 superest3
291 1985 340 2026 oro,
351 1969 418 2016 liceat
428 1970 481 2016 dare
492 1976 541 2015 tuta
550 1984 591 2030 per
602 1969 673 2019 undas

76 2030 136 2079 Vela
147 2032 200 2078 tibi:
217 2034 286 2080 liceat
296 2033 434 2082 Laurentem
446 2035 557 2096 attingere
567 2033 676 2095 'Ibybrim
682 2053 691 2096 3

75 2097 101 2146 st
113 2112 221 2145 concessa
231 2105 290 2160 peto,
302 2100 320 2146 si
331 2099 386 2146 dunt
397 2114 424 2145 ea
434 2100 518 2145 moenis
529 2098 615 2147 Parcae.
667 2156 669 2163 s

108 2161 169 2208 Tum
181 2162 300 2211 Saturnius
311 2165 360 2211 haee
371 2164 469 2211 domitor
479 2165 547 2211 maris
558 2165 627 2214 edidit
636 2168 688 2215 alti:

74 2225 121 2274 Fas
133 2235 254 2281 omnesne
266 2225 385 2290 Cytherea,
397 2231 454 2276 meis
465 2237 488 2276 te
498 2228 567 2278 fidere
578 2233 661 2295 regnis,
694 2238 743 2282 800

74 2291 146 2339 Unde
153 2307 230 2354 genus
239 2293 310 2341 ducis.
338 2294 415 2342 Merui
426 2311 530 2356 quoque3
549 2311 609 2359 saepe
618 2296 706 2346 furores

74 2355 206 2419 compressi
215 2365 242 2406 et
251 2359 334 2405 rabiem
344 2366 429 2407 tuntum
441 2361 538 2421 coelique
548 2362 666 2422 marisque.

66 2421 126 2469 Nec
137 2422 212 2469 minor
222 2423 246 2469 in
256 2425 331 2481 terris,
342 2423 461 2472 Xanthum
473 2426 634 2485 Simointaque
645 2432 722 2481 testor,

72 2487 158 2534 AEnese
169 2487 223 2533 mihi
234 2503 289 2535 cure
300 2490 339 2535 tui.
368 2486 428 2537 Cum
439 2489 511 2536 Troia
522 2490 624 2535 Achilles
648 2524 652 2533 .

72 2549 210 2598 Exanimuta
222 2568 317 2615 sequens
328 2554 463 2618 impingeret
473 2555 565 2614 agmina
574 2551 652 2604 muris,

71 2617 150 2664 Mittis
159 2616 231 2664 multe
241 2618 304 2665 duret
313 2619 366 2672 leto.
377 2631 540 2680 gemerentque
549 2614 628 2674 repleti

70 2682 167 2740 Amues,
179 2697 221 2732 uec
230 2685 329 2747 reperire
338 2686 398 2732 risui
408 2691 477 2745 atque
486 2678 592 2743 erudiere
601 2683 678 2741 posset
728 2733 734 2737 ¹
