1709 2925
253 158 420 211 AENEIDOS
437 158 491 207 Lm.
502 157 547 208 IV.
692 171 734 217 161

58 290 133 339 Ardet
144 303 225 337 erutus
235 289 307 347 Dido,
319 291 433 352 traxitque
443 304 484 353 per
495 306 547 339 osse
556 290 666 343 furorem.

60 354 216 405 comunem
234 356 296 402 hunc
311 372 368 419 ergo
384 356 501 418 populum,
516 358 652 422 paribusque
668 375 736 425 regu·

158 436 211 467 mus

58 486 191 548 Auspiciis3
207 486 275 533 iieeet
287 485 392 549 Phrygio
403 486 489 534 servire
500 489 589 543 merito,

58 551 203 612 Dotelesque
215 558 261 597 tute
272 550 358 612 Tyrius
367 552 500 613 permittere
512 552 607 601 datrae.

90 615 235 680 Olli·(seusit
245 617 307 663 enim
318 615 424 665 sinuata
433 625 511 664 mente
521 618 636 674 locuturus
662 656 663 661 ,

58 681 113 736 Quo
123 696 223 743 regnum
235 680 310 728 lteiise
320 678 420 742 Libycus
431 688 544 728 everteret
555 683 617 744 ores)

57 746 97 794 sic
108 752 190 793 contra
200 752 237 793 est
246 746 350 809 ingresse
361 745 458 793 Venus:
479 746 539 800 Quis
549 748 603 794 talia
613 749 707 800 demens

56 811 160 864 Abnuut,
170 818 212 857 eut
221 817 297 857 tecum
308 813 372 858 rnulit
383 811 610 859 contendentem?

57 877 83 923 Si
94 875 174 932 modo,
185 876 247 936 quud
258 891 378 930 memoras,
388 876 475 923 suetum
486 876 577 924 surmus
588 887 702 940 sequutur-

57 940 168 988 Sedfstis
180 939 555 1003 ineertsferor,siJupiterunum
686 949 733 993 110

54 1004 117 1054 Esse
126 1005 186 1052 velit
196 1004 275 1066 Tyriis
286 1004 364 1053 urbem
374 1005 491 1070 Trojrique
500 1006 616 1069 profectis,

54 1068 184 1119 Miscerive
193 1072 273 1132 probet
283 1072 386 1134 populos,
399 1079 438 1119 aut
448 1071 534 1118 freden
540 1074 617 1136 jungi.

53 1133 93 1182 Tu
104 1137 192 1199 conjux
200 1152 212 1193 3¹
226 1137 266 1183 tibi
275 1135 311 1184 fus
321 1137 422 1183 snirnum
434 1143 522 1184 tentare
532 1139 653 1198 preeundo.

55 1198 149 1262 Perge3
168 1215 256 1261 sequar.
283 1200 345 1248 Turn
357 1203 390 1248 sie
401 1202 491 1263 excepit
501 1204 565 1264 regie
575 1203 653 1251 Juuor

86 1265 187 1313 Mecum
199 1266 241 1314 erit
256 1267 300 1314 iste
313 1268 383 1313 luber.
411 1266 490 1322 Nunc,
504 1264 549 1327 qut
561 1269 654 1325 ratione,
671 1273 731 1332 quod

156 1332 234 1386 instet,

55 1394 159 1447 confieri
169 1396 249 1458 possit,
259 1397 344 1458 paucis,
356 1397 456 1450 adverte,
468 1396 560 1444 docebo.

53 1459 173 1512 venatum
185 1461 273 1510 AEnees
283 1460 373 1524 unique
384 1461 510 1509 miserrime
520 1461 584 1510 Dido

54 1525 83 1574 In
95 1541 179 1574 nemus
189 1528 223 1574 ire
233 1534 320 1588 perant,
331 1528 368 1574 ubi
379 1528 465 1590 primus
475 1528 587 1575 crastinus
598 1537 662 1578 ortus

53 1589 173 1641 Emuerit
182 1590 260 1648 'litun
274 1593 385 1653 rediisque
396 1593 503 1640 retexerit
514 1595 599 1641 orbem.
682 1599 729 1645 119

54 1655 101 1704 His
111 1673 160 1719 ego
170 1658 299 1718 nigrantem
309 1657 433 1704 commixti
443 1658 553 1720 grandine
562 1660 671 1716 nimbum,

53 1721 120 1769 Dum
131 1723 247 1784 trepident
256 1723 305 1778 ale,
317 1723 431 1784 saltusque
441 1723 549 1785 indagine
559 1724 664 1785 cingunt,

52 1785 163 1849 Desuper
174 1786 301 1845 infundam,
312 1795 336 1834 et
345 1789 432 1835 tonitru
442 1789 527 1834 eoelum
538 1802 606 1834 omne
617 1788 690 1834 ciebo.

51 1850 189 1914 Diffugient
199 1854 299 1906 comites,
311 1859 335 1900 et
344 1861 412 1899 noete
422 1859 530 1913 tegentur
540 1849 626 1911 epae&

54 1917 192 1980 Spelunesrn
203 1916 268 1965 Dido
279 1918 325 1964 dux
336 1925 360 1965 et
370 1916 485 1979 Trojanus
495 1916 598 1963 eamdem

53 1981 196 2030 Devenient.
225 1982 311 2038 Adero,
321 1990 351 2038 et,
362 1990 402 2029 tus
413 1983 432 2028 si
444 1982 499 2027 mihi
510 1988 572 2028 certe
582 1981 694 2040 voluntas,

53 2045 281 2110 connubio-Jungsm
293 2045 372 2100 stubssi,
384 2048 540 2110 propriumque
550 2046 635 2095 dicabo.

53 2110 102 2159 Hic
114 2111 262 2174 Hymenaeus
270 2115 321 2160 erit.
348 2112 406 2159 Non
416 2112 534 2159 adversata
543 2114 630 2174 petenti

51 2178 151 2232 Annuit,
162 2184 231 2239 etque
242 2179 299 2225 dolis
309 2179 359 2226 risit
370 2175 486 2239 Cytherea
496 2178 596 2239 repertis.

84 2241 205 2290 Oeesnum
216 2244 303 2291 interes
313 2258 410 2305 surgens
420 2242 511 2290 Aurors
521 2243 633 2306 relinquit

53 2304 77 2355 It
86 2308 161 2370 portis
167 2308 250 2371 jubare
258 2316 339 2356 exerto
349 2308 437 2355 delecte
441 2311 562 2371 juventus.
678 2313 727 2356 1³0

52 2371 123 2420 Retia
134 2388 191 2427 rurs,
201 2374 284 2436 pingue,
295 2375 342 2421 luto
352 2374 463 2421 venabula
472 2373 540 2429 ferro,

52 2435 198 2499 Massylique
209 2447 278 2485 ruunt
287 2440 382 2500 equites,
393 2446 417 2486 et
428 2440 499 2486 edors
508 2455 590 2486 cauum
601 2439 645 2485 uis.

53 2501 169 2565 Reginum
181 2504 280 2551 thelemu
291 2511 434 2551 cunctantem
446 2505 474 2551 ud
485 2504 563 2550 limine
572 2502 641 2563 primi

54 2566 179 2616 Poenurum
191 2576 324 2632 exspectent
330 2586 339 2627 ς
356 2577 463 2630 ostroque
473 2569 570 2629 insignis
580 2572 604 2611 et
614 2579 672 2610 uuru

53 2633 104 2680 Stet
114 2635 212 2696 sonipes,
224 2649 250 2681 se
260 2633 325 2682 frene
334 2633 399 2681 ferox
411 2632 538 2695 spumantis
549 2628 644 2675 mandit.

51 2696 156 2746 Tuudem
167 2700 318 2763 progreditur,
329 2695 414 2761 magni
423 2690 633 2804 stipentegeetervi,

490 2774 505 2805 r
