1709 2925
243 147 408 199 muamus
425 147 552 199 nram
605 136 608 141 ‘
687 147 739 194 ssa

59 281 196 346 Augurium
208 281 361 343 citharamque
370 280 438 329 dabat
448 283 578 343 celeresque
588 278 688 344 sagitlas.
729 278 734 283 ’

61 348 116 405 Ille,
128 355 154 394 ut
165 346 260 410 depositi
271 347 381 409 proferret
392 347 439 394 late
449 349 555 411 parentis,

62 414 132 467 Scire
141 419 266 475 potestates
273 413 395 460 herbarum
406 428 516 474 usumque
526 411 630 459 medeum‘

59 478 157 533 Maluit,
169 485 192 525 et
202 485 278 524 mutas
288 478 374 540 agitare
383 478 494 539 inglorius
504 485 571 525 artes.

60 545 144 592 Stabat
155 543 234 590 acerba
243 542 350 597 fremens,
360 544 477 605 ingentem
488 544 555 589 nixus
565 544 589 588 in
600 542 695 594 hastam,

57 609 159 663 AEneas,
170 622 256 670 magno
262 609 374 670 juvenum
385 615 408 654 et
419 608 536 654 moerentis
547 605 592 653 Iuli

60 673 193 728 Concursu,
204 672 310 734 lacrymis
320 673 448 719 immobilis
481 672 524 719 Ille
534 678 620 718 retorto
683 671 733 715 400

60 738 186 786 Paeonium
196 738 221 783 in
232 753 319 784 morem
330 738 405 784 senior
415 739 543 785 succinctus
554 738 644 788 amictu,

60 803 144 852 Multa
153 817 222 850 manu
233 803 320 850 medical
332 801 458 863 Phoebique
467 804 596 864 potentibus
607 799 680 846 herbis

57 868 224 930 Nequidquam
235 869 337 930 trepidat,
349 868 499 929 nequidquam
511 867 596 929 spicula
605 862 685 912 dextri

60 934 183 987 Sollicitat,
194 940 330 995 prensatque
340 934 413 979 tenaci
423 932 510 995 forcipe
519 933 611 982 ferrum.

59 999 137 1046 Nulla
145 999 206 1046 viem
216 997 307 1045 fortuna
318 998 391 1060 regit3
408 999 464 1045 nihil
474 1006 553 1045 auctor
563 996 648 1059 Apollo

61 1064 192 1122 Subvenit3
208 1071 232 1110 et
242 1079 317 1110 saevus
328 1065 413 1124 campis
424 1066 497 1126 magis
508 1079 534 1110 ac
545 1063 619 1124 magis
629 1062 709 1107 horror
726 1060 730 1069 '

62 1127 203 1184 Crebrescit,
225 1130 362 1190 propiusque
383 1128 467 1175 malum
489 1138 531 1176 est.
563 1127 617 1176 Jam
638 1126 732 1189 pulvere

161 1193 244 1240 coelum

60 1260 132 1309 Stare
141 1258 234 1315 vident;
251 1259 391 1320 subeuntque
402 1259 495 1320 equites,
507 1266 530 1306 et
540 1259 626 1320 spiculo
636 1253 728 1305 castris'

60 1325 147 1373 Densa
158 1324 241 1370 cadunt
251 1323 338 1370 mediis.
370 1322 394 1369 lt
404 1324 475 1370 tristis
486 1325 514 1370 ad
525 1326 609 1371 aethera
619 1324 704 1370 clamor

60 1388 197 1438 Bellantum
204 1389 325 1452 juvenum,
337 1396 360 1435 et
371 1389 427 1436 duro
439 1390 480 1436 sub
491 1388 568 1436 Marte
579 1389 707 1437 cadentum.
725 1388 727 1391 ’

39 1507 45 1514 x
58 1455 113 1503 Hic
121 1453 209 1510 Venus,
220 1454 314 1516 indigno
326 1454 373 1502 nati
383 1470 493 1502 concussa
502 1456 587 1510 dolore,
682 1454 739 1501 411·

59 1520 214 1568 Dictamnum
224 1520 325 1583 genitrix
337 1518 427 1567 Cretaed
437 1522 509 1583 carpit
518 1523 546 1569 ab
557 1520 619 1580 lat,

60 1583 191 1634 Puberibus
201 1585 287 1631 caulem
297 1584 358 1632 soliis
368 1592 392 1632 et
402 1586 459 1632 flore
469 1596 596 1634 comantem

60 1651 197 1711 Purpureo:
216 1665 262 1697 non
274 1650 312 1696 illa
322 1649 375 1697 feris
385 1647 503 1713 incognita
513 1653 586 1713 capris

60 1716 182 1771 Gramina,
193 1730 245 1762 cum
256 1722 322 1777 tergo
333 1715 436 1763 volucres
447 1714 533 1763 haestre
543 1718 639 1778 sagittae.

60 1781 120 1830 Hoc
132 1779 219 1835 Venus,
230 1781 326 1827 obscuro
335 1779 416 1827 faeiem
428 1782 565 1828 circumdata
576 1782 659 1838 nimbo,

59 1846 172 1902 Deculo
181 1845 233 1892 boc
242 1844 318 1892 fusum
329 1846 397 1892 labris
408 1846 576 1909 splendentibus
587 1843 690 1895 amnem

58 1910 148 1965 Inficit,
159 1911 247 1958 occulte
257 1910 388 1968 medicans3
406 1913 536 1973 spargitque
545 1912 645 1962 salubres

58 1976 193 2026 Ambrosiae
204 1990 291 2029 succos,
302 1981 326 2021 et
336 1974 470 2023 odoriferam
480 1992 610 2037 panaceam.
724 1977 726 1982 ’

59 2037 495 2104 Fovitotvulouslymphalongaevus
507 2039 568 2104 Iapis
685 2052 734 2097 420

61 2107 194 2171 Ignorans;
211 2106 329 2166 suffitoque
339 2107 413 2153 omnis
424 2107 453 2153 de
463 2122 556 2169 corpore
565 2108 625 2171 fugit

61 2173 158 2234 Quippe
168 2170 248 2227 dolon
265 2170 339 2218 omnis
350 2172 414 2218 stetit
423 2172 471 2218 imo
481 2172 575 2220 vulnere
586 2178 685 2239 sanguis.

59 2237 162 2299 Jamque
172 2242 250 2283 secuta
260 2250 359 2290 manum,
370 2236 433 2283 nullo
442 2245 548 2299 cogente,
559 2241 642 2302 sagitta
714 2239 725 2280 '-

61 2302 166 2356 Excidit
177 2309 245 2362 atque
256 2316 323 2347 novae
333 2299 420 2349 rediere
429 2303 454 2348 in
464 2304 559 2364 pristina
569 2306 637 2354 vires.

61 2369 139 2416 Arma
149 2367 187 2413 citi
198 2374 317 2428 properate
327 2366 389 2414 viro!
411 2366 475 2422 Quia
485 2369 568 2415 statis?
586 2368 647 2432 Iapis

63 2432 209 2486 Conclamat,
219 2432 350 2493 primusque
360 2433 448 2479 animos
458 2435 561 2479 accendit
571 2435 594 2480 in
605 2437 701 2485 hostem.
722 2431 726 2436 ⁵

62 2497 122 2545 Non
133 2497 184 2544 baec
195 2497 299 2543 humanis
310 2496 395 2558 opibus,
407 2512 454 2543 nou
466 2505 514 2544 arte
524 2499 641 2559 magistris,

65 2563 216 2611 Proveniunt
250 2560 333 2621 Neque
344 2569 374 2616 te,
386 2562 469 2615 AEnea,
481 2578 530 2607 mea
542 2564 633 2611 dextera
646 2576 735 2628 κείναις

63 2628 144 2691 Major
154 2628 203 2689 egit
214 2625 290 2685 Deus,
298 2634 366 2689 atque
377 2642 446 2689 opera
456 2628 484 2674 ad
494 2628 579 2690 majora
590 2632 690 2679 remittit
