1709 2925
237 132 403 184 AENEIDOS
419 125 502 183 Lusi}
660 134 709 184 tas

51 260 148 312 AEthereai
157 281 216 327 quos
225 264 363 329 lapsaplagd
372 264 440 315 iovis
449 267 497 314 ales
507 272 585 329 aperto

50 326 152 390 Turbabat
163 331 239 387 coelo;
256 346 317 378 nnnc
326 340 399 378 terras
405 333 487 380 ordine
496 333 569 395 longo

51 395 91 440 Aut
99 411 185 458 capere,
197 404 237 443 aut
247 403 324 459 captas
330 399 379 459 jam
390 397 520 459 despectare
529 398 642 444 videntur.

52 457 80 504 Ut
89 462 181 508 reduces
191 461 224 507 illi
234 460 315 507 ludunt
327 461 471 510 stridentibus
482 464 529 518 alis,

51 521 79 569 Et
87 534 145 572 aena
155 526 250 573 cinxere
259 525 344 589 polum,
355 533 480 589 cautusque
490 525 588 585 dedere3

52 587 113 636 Haud
122 591 188 637 aliter
197 606 327 654 puppesque
337 601 383 638 tnae
392 594 506 654 pubesque
517 600 607 639 tuorum

51 653 93 700 Aut
101 666 190 717 portum
201 664 272 711 tenet,
282 665 321 704 aut
330 657 398 719 pleno
409 657 469 704 subit
478 659 536 705 ostia
545 657 603 704 velo.
660 658 709 705 4oe

51 716 118 780 Perge
127 722 200 777 modo,
213 730 243 776 et,
255 720 300 783 qud
310 730 334 768 te
344 722 405 769 ducit
415 723 459 777 via,
470 723 543 785 dirige
552 736 664 783 &casum-

78 783 148 842 Dixit,
159 794 184 832 et
194 795 300 834 avertem
307 784 372 838 roseti
382 789 471 834 cervice
481 787 575 842 refutat,

53 848 213 912 Ambrosiaeque
223 867 298 898 cornae
307 853 409 899 divinum
421 854 506 900 vertice
517 852 610 899 odorem

55 913 174 975 spinaira
192 917 262 979 pedes
269 918 342 963 vestis
349 917 445 964 defluxit
456 918 484 965 ad
495 918 559 973 imos,

53 977 82 1024 Et
91 996 141 1027 vera
149 983 240 1028 incessu
250 983 323 1044 patuit
334 981 394 1030 Dea.
428 981 478 1038 Itle,
489 984 526 1029 ubi
535 989 630 1029 matrem

54 1046 153 1106 Agnovit,
165 1047 203 1093 taii
214 1046 339 1109 fugientem
351 1056 387 1095 est
396 1063 453 1095 soce
464 1056 569 1095 secutus:

53 1107 108 1162 Quid
117 1121 193 1158 natum
202 1114 272 1159 toties
281 1112 378 1159 crudelis
389 1121 413 1159 tu
424 1128 514 1175 quoque
523 1112 586 1160 falsis

53 1171 116 1222 Ludis
125 1177 277 1240 imaginibus?
293 1192 335 1224 cur
345 1178 431 1225 dextrae
437 1180 535 1241 jungere
546 1178 648 1224 dextram

53 1236 102 1285 Nou
112 1241 180 1297 datur,
192 1257 218 1289 ac
229 1257 296 1290 veras
305 1243 383 1290 audire
393 1250 417 1290 et
427 1244 521 1290 reddere
530 1241 617 1290 voces?

54 1301 138 1353 Talibus
146 1307 240 1364 incusat,
251 1315 401 1370 gressumque
412 1308 440 1354 ad
451 1310 536 1355 moenia
547 1307 627 1354 tendit.
662 1308 715 1354 410

55 1368 85 1415 At
94 1368 168 1418 Venus
179 1373 275 1419 obscuro
286 1372 416 1434 gradientes
426 1374 479 1420 aere
490 1374 565 1436 sepsit,

55 1430 85 1480 Et
93 1436 160 1485 multo
169 1438 259 1486 nebulae
268 1438 353 1485 circum
366 1437 419 1486 Dea
429 1437 487 1486 indit
498 1441 588 1495 amictu,

57 1496 146 1549 Cernere
152 1518 182 1550 ne
191 1504 242 1564 quis
253 1519 302 1560 eos,
313 1519 358 1550 neu
368 1505 419 1565 quis
431 1506 563 1568 contingere
573 1510 660 1567 posset,

55 1560 153 1614 Molirive
162 1584 256 1624 moram,
267 1575 306 1615 aut
316 1569 421 1616 veniendi
432 1585 525 1632 poscere
535 1585 622 1617 causas.

56 1625 102 1692 Ipsa
111 1630 211 1696 Paphum
222 1634 324 1680 sublimis
334 1634 388 1690 abit,
401 1636 510 1696 sedesque
520 1636 600 1683 revisit

56 1690 114 1742 Len
123 1713 184 1745 suas:
204 1699 241 1745 nbi
253 1698 362 1760 templum
373 1699 413 1754 ilii,
425 1708 562 1761 centumque
574 1699 656 1745 Sabaeo

54 1755 123 1808 Thure
131 1764 204 1810 calent
214 1779 267 1819 arae,
278 1764 388 1825 sertisque
398 1766 526 1811 recentibus
535 1763 619 1809 halant.

84 1823 212 1889 Corripuere
222 1829 282 1875 viam
293 1829 385 1884 interea,
397 1827 443 1890 qud
453 1830 534 1875 semita
543 1831 672 1883 monstrat3
754 1836 756 1839 ’

56 1886 141 1952 Jamque
150 1893 315 1940 adscendebant
324 1893 413 1948 collem,
425 1894 464 1954 qui
475 1892 585 1953 plurimus
596 1891 645 1938 urbi

58 1951 159 2014 Imminet,
171 1959 321 2019 adversasque
329 1959 445 2019 adspectat
456 1958 551 2018 desuper
559 1971 630 2003 arces.
658 1958 716 2003 1420

57 2016 144 2069 Miratur
153 2023 237 2071 molem
248 2023 342 2078 AEneas,
354 2023 452 2085 magalia
462 2022 592 2084 quondam;

58 2082 145 2133 Miratur
154 2096 238 2151 portas,
250 2088 418 2150 strepitumque,
430 2096 454 2135 et
465 2095 536 2134 strata
546 2088 641 2134 viarum.

59 2145 138 2199 Instant
147 2154 252 2200 ardentes
262 2151 330 2213 Tyrii
339 2172 345 2199 a
365 2169 417 2214 pars
428 2153 512 2200 ducere
522 2167 606 2208 muros,

58 2210 169 2278 Molirique
179 2233 261 2272 arcem,
274 2227 298 2265 et
308 2219 411 2265 manibus
422 2219 556 2266 subvolvere
566 2234 634 2276 saxa3

58 2276 105 2327 Pars
116 2290 191 2344 optare
200 2283 278 2330 locum
290 2290 357 2339 tecto,
368 2291 392 2331 et
402 2285 538 2331 concludere
549 2284 619 2331 saiso.

58 2338 116 2455 {aare
125 2350 314 2411 magistratusque
324 2349 412 2412 legunt,
421 2358 568 2410 sanctumque
579 2343 702 2407 senatum]

80 2410 181 2473 ‘eportus
191 2414 230 2460 alii
242 2412 366 2462 effodiunt:
385 2415 422 2461 hic
433 2415 479 2462 alta
489 2414 583 2461 theatris

58 2469 205 2525 Fundamenta
214 2479 292 2525 locant
301 2479 346 2534 alii,
356 2479 512 2540 immanesque
523 2478 639 2524 columnas

57 2535 149 2602 Rupibus
159 2543 275 2599 excidunt,
286 2545 361 2590 scenis
371 2545 454 2591 decora
464 2541 509 2590 alta
518 2538 608 2586 suturis·

58 2602 128 2656 Qualia
138 2623 192 2672 apes
203 2615 283 2655 aestate
293 2606 355 2655 novd
364 2624 404 2671 per
415 2607 487 2654 florea
497 2617 551 2650 rura
630 2634 634 2640 -
670 2597 720 2640 ⁴3⁰

57 2665 148 2721 Exercet
156 2675 201 2722 sub
215 2673 353 2730 soieiabor3
367 2669 511 2733 cumgentis
521 2660 611 2711 adultoe
