1709 2925
250 103 415 156 AENEIDOS
431 103 544 154 mans
679 111 727 160 287

56 238 150 295 Qualis,
158 237 195 286 uhi
203 243 243 284 sut
249 237 357 299 leporem,
366 242 405 284 sut
412 236 516 283 candenti
522 246 617 297 corpore¹
622 251 729 298 cycnum,

57 304 168 359 Sustulit,
180 303 224 349 alta
233 309 322 364 petens,
332 302 424 363 pedibus
435 300 502 349 Joris
512 301 610 363 armiger
620 303 700 360 uncis;

57 369 193 424 Qnaesitum
203 376 243 414 sut
252 367 318 413 matri
329 366 406 413 multis
416 366 525 413 balatibus
535 380 620 428 agnum

58 434 167 482 Martius
177 448 191 479 a
201 431 294 479 stabulis
305 432 378 494 rapuit
387 431 461 492 lupus.
495 428 602 491 Undique
613 430 698 478 clamor

57 498 172 546 Tollitur.
204 494 324 551 Invadunt,
335 503 359 543 et
368 494 441 543 fossas
452 509 536 557 aggere
547 495 661 559 complent
665 512 675 555 ς

58 564 183 613 Ardentes
193 561 263 609 toedss
274 561 312 607 alii
323 561 351 607 sd
361 560 452 622 fastigia
457 562 554 622 jactant.

59 627 168 676 Ilioneus
179 641 234 673 saxo
246 634 313 687 atque
324 626 415 688 ingenti·
421 624 533 687 fragmine
540 625 624 672 montis

61 693 196 747 Lucetium,
207 697 279 753 portae
290 691 432 747 subeuntem,
442 691 553 752 ignesque
562 688 688 749 ferentem

61 758 207 807 Emathiona
217 754 296 817 Liger,
309 753 449 816 Corynaeum
460 755 540 801 sternit
550 754 650 815 Asylas;
683 757 730 810 sn

63 822 116 870 Hic
122 821 201 885 J'sculo
211 821 290 876 bonus,
302 821 338 865 hic
348 818 517 882 longefnllente
568 817 624 878 ‘um

64 886 193 949 Ortygium
205 883 311 938 Caeneus,
321 885 431 931 victorem
443 881 528 933 Caenea
561 899 630 931 umus
637 900 645 942 ;

64 951 163 1000 Turnus
170 948 244 1012 Itym,
256 947 415 1011 Cloniumque,
430 946 578 1011 Dioxippum,
589 947 735 998 Promolum-

168 1031 219 1076 (1⁰⁸2

66 1082 103 1131 Et
114 1082 227 1144 Sagarim,
238 1088 261 1127 et
272 1081 366 1127 summis
377 1085 474 1127 stantem
485 1096 526 1143 pro
537 1080 634 1128 turribus
645 1079 718 1138 Idan;

67 1147 206 1196 Privernum
216 1143 301 1207 Capys.
327 1144 399 1191 Hunc
408 1145 481 1206 primo
491 1145 549 1191 levis
559 1146 623 1193 hasta
632 1144 738 1196 Temilln

70 1213 213 1268 Strinxemt3
230 1210 269 1256 ille
279 1224 371 1256 msnum
381 1210 482 1271 proJecto
493 1209 594 1271 tegmine
604 1210 697 1257 demens

69 1278 111 1325 Ad
121 1277 205 1323 vttlnus
215 1275 281 1321 tulit:
301 1289 356 1336 ergo
367 1274 408 1320 alis
419 1273 503 1335 allapsa
513 1273 601 1334 sagitte,

70 1342 105 1391 Et
115 1342 177 1390 levo
188 1340 255 1387 affixa
265 1347 301 1385 est
310 1339 375 1385 lateri
386 1353 475 1394 manus,
487 1338 602 1399 abditaque
612 1339 681 1386 intus

72 1404 216 1472 spiramenti
227 1405 308 1452 animae
318 1402 379 1451 letali
389 1403 483 1451 vulnere
494 1402 584 1467 rumpit.
689 1407 740 1454 580

72 1473 153 1521 stabnt
164 1473 188 1518 in
199 1470 296 1534 egregiis
307 1469 414 1520 Arcentis
424 1468 484 1515 lilius
494 1469 571 1527 umis,

73 1538 155 1587 Pictus
166 1551 208 1587 acu
218 1534 367 1596 chlamydem,
379 1542 402 1581 et
412 1534 528 1596 ferrugine
538 1534 612 1581 clarus
623 1531 696 1592 Iberi.

73 1602 177 1665 Insignis
187 1600 260 1657 facie3
278 1600 368 1662 genitor
379 1614 447 1660 quem
457 1601 549 1646 miserat
559 1600 656 1657 Arcens,

72 1668 191 1717 Eductum
202 1665 280 1713 matris
289 1665 348 1721 luco,
361 1664 487 1725 Symaethia
496 1665 580 1711 circum

74 1733 188 1786 Flumina,
199 1730 291 1792 pinguis
301 1730 338 1776 ubi
349 1737 372 1776 et
382 1729 494 1791 placabilis
504 1743 543 1775 era
553 1727 633 1775 Palici.

75 1798 214 1847 Stridentem
224 1794 324 1849 fundam,
335 1795 414 1857 positis
423 1793 556 1840 Mezentius
566 1793 643 1848 hastis,

76 1861 132 1926 Ipse
143 1868 178 1908 ter
188 1857 285 1908 sdducth
295 1859 458 1922 circum‘caput
468 1859 516 1920 egit
526 1854 626 1914 habend3

76 1927 111 1976 Et
121 1926 196 1973 medin
206 1923 296 1972 adversi
304 1922 425 1985 liquefacto
436 1929 538 1984 tempora
547 1921 639 1985 plumbo
729 1966 732 1971 ,

77 1991 177 2047 Diffidit,
187 2005 214 2037 nc
225 1987 297 2037 multi
307 1997 435 2052 porrectum
446 1986 547 2034 extendit
556 1985 631 2033 areni.
695 1989 746 2038 589

77 2056 140 2104 Tum
151 2056 247 2118 primum
257 2053 317 2101 hello
328 2053 424 2101 celerem
435 2052 558 2099 intendisse
566 2052 672 2114 sagittam

77 2121 179 2173 Dicitur,
190 2128 242 2166 ante
252 2118 311 2165 feras
322 2119 402 2166 solitus
411 2126 496 2165 terrere
505 2115 606 2179 fugaces,

79 2186 200 2240 Ascanius,
210 2184 337 2245 fortemque
346 2198 416 2230 manu
426 2182 512 2230 fudisse
522 2181 670 2242 Numanum

81 2249 126 2299 cui
138 2248 238 2296 Remulo
249 2263 377 2311 cognomen
388 2256 452 2305 erat;
468 2246 586 2309 Tumiqne
596 2248 707 2296 minorem

83 2317 222 2364 Germanum
234 2328 305 2376 nuper
315 2314 414 2361 thalamo
425 2314 523 2360 sociatus
533 2314 634 2361 habebat.

83 2379 109 2428 Is
118 2381 215 2443 primam
226 2386 279 2426 ante
289 2379 360 2426 aciem
371 2379 441 2441 digua
451 2386 518 2440 atque
528 2379 623 2440 indigna
633 2377 705 2425 relatu
717 2393 719 2397 ·

82 2445 227 2498 vociferans,
238 2444 381 2504 tumidusque
391 2459 453 2492 novo
464 2443 587 2505 praecordia
596 2457 668 2504 regno

85 2509 143 2564 Ibat,
155 2517 179 2556 et
189 2510 305 2572 ingentem
316 2524 367 2556 sese
378 2509 476 2556 clamore
486 2508 586 2555 serebatz

118 2573 175 2623 Non
186 2575 256 2638 pudet
265 2574 380 2645 obsidione
390 2574 473 2627 itenun
483 2573 587 2638 valloque
597 2567 675 2639 teneri,
792 2617 794 2620 Α
