1709 2925
126 88 157 131 24
286 82 469 134 BUCOLICA.
485 84 544 133 Eoi„
555 83 627 134 vlit.

128 215 187 264 Cum
198 217 289 263 cunibus
300 217 371 263 timidi
383 217 473 264 venient
483 218 511 264 ed
521 218 601 278 pocula
611 218 690 267 damae·

127 280 217 343 Mopse,
227 297 296 328 novas
306 282 379 347 incide
389 281 450 328 laces
460 300 465 328 ι
485 283 523 328 tibi
534 283 622 329 ducitur
633 299 697 330 uxor.

127 346 220 408 Sparge,
233 348 318 399 marite,
330 361 411 393 nuces:
431 347 471 393 tibi
482 347 564 393 deserit
574 346 692 410 Hesperus
704 350 799 404 OEtam,

127 408 206 472 Incipe
217 411 338 468 Maenulips
348 427 443 466 mecum,
455 427 506 458 mec
517 413 575 464 tibin,
587 428 673 460 versus.
760 425 793 466 31

128 474 150 522 Ο
162 477 231 537 digno
242 478 362 538 conjuncta
370 476 435 524 viru!
453 477 506 523 dum
518 477 612 537 despicis
623 494 708 534 omnes,

128 538 237 601 Dumque
248 542 286 587 tibi
298 549 332 587 est
340 541 391 588 odio
401 556 452 587 mea
462 541 543 595 fistule,
554 542 651 603 dumque
661 545 765 606 capellae,

129 604 295 666 Hirsutumque
306 606 455 667 supercilium,
465 607 618 668 promissaque
628 609 694 656 barba
700 626 712 668 ς

129 668 181 716 Nec
191 686 269 718 curare
279 671 345 717 deum
357 671 429 718 credis
440 672 543 717 mortalia
552 687 693 732 quemquam.

129 732 208 797 Incipe
218 735 340 782 Maenalios
350 750 446 790 mecum,
456 751 507 782 meu
517 737 576 788 tibia,
587 752 674 784 versus.

129 799 224 861 sepibus
234 802 257 846 ln
268 801 350 860 nostris
360 815 451 861 pervum
464 809 487 847 te
497 802 583 847 roscida
591 802 649 849 mala

130 862 200 929 (Dux
210 881 255 926 ego
265 873 342 912 vester
351 864 423 925 eram)
436 866 481 911 vidi
494 881 545 912 cum
556 875 628 927 matre
638 867 768 929 legentem;

129 930 196 977 Alter
206 932 234 977 ab
245 930 362 977 undecimo
374 938 422 976 tum
433 931 524 992 mejam
535 940 623 993 ceperat
633 946 719 990 ennus;

129 992 182 1043 Jam
193 994 284 1056 fragiles
293 1000 393 1055 poteram
405 994 489 1042 aterrl
500 996 631 1055 contingere
641 1012 722 1046 ramos.
759 1006 797 1049 40

131 1057 167 1106 Ut
176 1059 229 1113 vidi,
241 1067 266 1106 ut
276 1060 337 1121 perii,
349 1068 422 1105 utine
433 1060 505 1106 mulus
515 1060 605 1107 abstulit
617 1065 692 1111 error!

129 1122 209 1185 Incipe
220 1124 341 1171 Maenulios
352 1139 447 1179 mecum,
458 1140 509 1171 mea
518 1126 577 1180 tibia,
589 1141 674 1172 versus.

129 1188 200 1238 Nunc
212 1190 266 1244 scio,
278 1190 331 1250 quid
342 1190 371 1236 sit
383 1188 468 1236 Amor:
488 1189 548 1236 duris
559 1190 582 1235 in
593 1192 679 1238 cotibus
689 1193 752 1239 illurn

129 1255 180 1302 Aut
190 1253 293 1309 Tmaros,
303 1262 343 1300 unt
353 1253 471 1316 Rhodope,
483 1261 521 1301 aut
531 1257 625 1301 extremi
637 1257 798 1320 Gemmantes,

131 1319 183 1366 Nec
192 1320 282 1381 generis
292 1320 363 1365 nostri
373 1334 467 1382 puerum
478 1334 520 1365 nec
531 1321 652 1382 sanguinis,
663 1323 740 1369 edunt.

131 1384 211 1445 Incipe
222 1384 344 1430 Maenalios
355 1399 450 1438 mecum,
461 1399 512 1430 mea
522 1385 581 1439 tibin,
592 1400 677 1433 versus.
688 1417 691 1420 -

132 1450 213 1498 Saevus
224 1448 297 1496 Amor
307 1449 383 1496 docuit
394 1456 496 1496 nntcrum
508 1450 618 1512 sunguine
627 1459 721 1499 matrem

131 1514 303 1564 commaculare
313 1529 407 1561 menuae
426 1515 521 1561 crudelis
532 1524 557 1561 tu
568 1531 663 1577 quoque,
674 1528 746 1566 mater
752 1536 762 1577 ;

132 1579 236 1628 Crudelis
246 1585 318 1625 mater
327 1579 406 1642 megin,
417 1594 447 1626 an
456 1595 513 1641 puer
522 1581 635 1642 improbus
645 1582 698 1629 illel

132 1643 250 1707 Improbat
260 1643 298 1689 ille
308 1659 376 1705 puer:
396 1645 491 1691 crudelis
501 1653 526 1691 tu
537 1660 631 1706 quoque,
643 1654 722 1696 mater.
762 1653 799 1698 50

132 1708 211 1771 Incipe
222 1708 344 1755 Maenalios
354 1724 450 1762 mecum,
462 1724 512 1755 mea
522 1710 581 1764 tibin,
593 1726 678 1758 versus·

132 1775 202 1822 Nunc
213 1783 236 1821 et
246 1789 301 1822 oves
312 1773 370 1820 ultro
380 1773 454 1836 fugiat
463 1774 545 1835 lupus;
561 1790 628 1822 aurea
638 1776 701 1824 tlurae

132 1840 198 1889 Mau
207 1838 280 1886 ferent
290 1854 386 1900 quercus
392 1856 400 1897 ;
418 1839 516 1886 narcisso
527 1839 605 1886 floreat
616 1840 695 1899 alnus;

133 1904 231 1966 Pinguia
240 1904 359 1951 corticibus
370 1904 450 1951 sudent
460 1904 543 1950 electra
553 1905 661 1965 myricae;

133 1967 229 2019 certent
239 1976 262 2016 et
272 1969 350 2029 cycnis
357 1969 438 2026 ululae;
455 1970 485 2015 sit
495 1968 589 2029 Tityrus
600 1968 718 2033 Orpheus;

132 2034 237 2096 Orpheus
247 2034 271 2079 in
282 2034 350 2088 silvis,
361 2035 421 2080 inter
430 2033 545 2095 delphinas
556 2034 636 2080 Arion.

132 2098 211 2160 Incipe
223 2097 344 2144 Maenalios
354 2113 450 2154 mecum,
461 2113 512 2144 mea
522 2098 580 2151 tibin,
591 2114 685 2157 versus,

134 2163 218 2212 Omnia
228 2163 265 2209 vel
274 2162 372 2209 medium
383 2161 439 2210 fient
448 2177 517 2209 mure.
549 2162 636 2221 vivite,
647 2165 724 2216 silvae!

134 2229 240 2289 Praeceps
249 2228 303 2274 a'e'rii
313 2226 403 2288 speculi
412 2229 441 2275 de
451 2229 534 2273 montis
544 2228 568 2273 in
579 2227 650 2275 undas

133 2291 247 2348 netem
263 2302 388 2339 extremum
398 2294 442 2339 hoc
452 2306 534 2338 munus
544 2293 660 2340 morientis
670 2294 761 2343 habeto.

134 2357 231 2414 Desine,
243 2357 363 2404 Maenalios
369 2360 417 2419 Jam
428 2357 512 2410 desine,
524 2358 582 2411 tibia,
593 2373 679 2413 versus.
766 2367 799 2411 61

166 2421 227 2470 Haec
238 2420 330 2469 Damon
339 2438 345 2468 r
364 2438 413 2477 vos,
423 2436 475 2483 quae
484 2422 624 2483 responderit
633 2423 805 2486 Alphesiboeue

134 2487 219 2546 Dicite,
231 2486 348 2547 Pierides5
364 2501 411 2537 non
421 2487 498 2536 omnia
507 2501 626 2552 possumus
637 2502 724 2537 omues.
