1709 2925
598 5 652 18 ην
680 8 707 9 ⁷7

259 146 425 199 AENEIDOS
444 146 559 199 taxa
692 149 743 199 ml

53 279 179 329 Arbuteis
184 286 269 328 texunt
278 279 350 342 virgis
360 287 384 327 et
393 280 479 327 simine
489 294 582 341 querno,

53 345 252 406 Exstructosque
264 352 326 392 toros
336 346 429 391 obtentu
439 344 526 392 frondis
536 344 671 392 inumbrant.

55 409 112 458 Hic
119 412 234 473 Juvenem
245 410 328 472 agresti
340 409 457 456 sublimem
468 410 575 457 stramine
585 417 691 472 ponunt3

58 474 167 530 Qualem
179 477 283 537 virgineo
294 474 421 522 demessum
432 475 514 537 pollice
523 474 609 530 florem,

59 540 203 589 Seumollis
213 540 286 595 violae,
298 555 338 586 seu
349 540 478 602 languentis
489 540 602 606 hyacinthi
612 557 620 596 ;

60 603 111 653 Cui
125 620 202 665 neque
210 604 289 666 fulgor
300 605 378 659 adhuc,
390 618 433 651 nec
443 605 497 650 dum
507 619 547 651 sua
553 604 626 651 forma
634 604 726 651 recessit
730 620 739 660 ς

59 669 122 717 Non
131 671 183 732 Jam
194 677 266 716 mater
276 670 316 716 alit
326 669 399 724 tellus,
410 671 515 730 uiresque
525 669 646 716 ministrat.
706 672 736 717 'il

59 732 136 781 Tunc
146 735 252 797 geminas
260 740 342 790 vestes,
352 749 452 794 auroque
462 741 569 794 ostroque
579 734 686 798 rigentes,

62 799 163 847 Extulit
173 799 275 855 AEseas3
291 814 347 859 quas
356 799 389 845 illi
399 799 453 846 laeta
462 799 563 845 laborum

63 862 125 926 Ipsa
136 865 185 911 suis
195 864 308 925 quondam
319 864 421 911 manibus
434 864 525 911 Sidonia
536 863 601 910 Dido

63 929 175 983 Fecerat,
186 937 210 976 et
220 929 282 975 tenui
293 929 349 975 telas
359 929 496 976 discreverat
505 944 575 976 auro:

64 993 164 1042 Harum
175 1009 242 1040 unam
249 994 328 1056 [paveni
340 1008 469 1055 supremum
480 1002 577 1041 moestus
586 995 697 1041 honorem

65 1058 157 1114 Induit,
168 1073 301 1120 arsurasque
311 1073 386 1106 comas
397 1060 490 1106 obnubit
499 1061 583 1106 amictu
592 1076 600 1117 ;

65 1124 193 1186 Multaque
202 1132 311 1186 praeterea
321 1122 443 1173 Laurentis
453 1126 546 1186 praemia
555 1138 641 1188 pugnas

68 1190 189 1253 Aggerat,
201 1196 225 1236 et
235 1189 305 1252 longo
316 1189 487 1253 predamJubet
497 1190 576 1237 ordine
586 1190 645 1237 duci.

66 1255 144 1302 Addit
154 1270 232 1315 equos,
243 1261 267 1301 et
276 1254 330 1314 tela,
343 1255 422 1315 quibus
431 1255 567 1317 spoliaverat
577 1256 679 1301 hostem:
707 1255 742 1299 80

67 1319 185 1367 Vinxerat
195 1327 219 1366 et
229 1326 281 1381 post
291 1325 356 1381 terga
366 1335 457 1377 manus,
468 1335 525 1381 quos
535 1321 635 1367 mitteret
645 1317 730 1365 umbris

69 1383 180 1439 Inferias,
187 1399 248 1432 creso
259 1399 375 1447 sparsuros
385 1385 496 1447 sanguine
505 1383 635 1444 flammam3

69 1447 214 1511 hdutosque
220 1451 287 1514 jubet
295 1457 389 1497 truncos
398 1451 516 1498 hostilibus
527 1451 596 1498 armis

69 1514 140 1578 Ipsos
149 1515 209 1563 ferre
219 1515 294 1572 duces,
304 1516 440 1578 inimicaque
449 1518 541 1564 nomina
551 1515 600 1580 figi.

70 1579 174 1629 Ducitur
182 1580 262 1628 infelix
269 1596 320 1628 aevo
330 1580 447 1629 conlectus
457 1582 559 1636 Acoetes,

71 1645 170 1694 Pectora
180 1661 241 1693 nunc
250 1646 339 1693 ioedans
349 1648 439 1709 pugnis,
451 1662 512 1693 nunc
524 1647 637 1709 unguibus
648 1659 703 1703 orsa

72 1711 188 1759 Sternitur
197 1718 221 1757 et
231 1718 280 1757 toto
291 1712 404 1773 proJectus
414 1727 510 1774 corpore
520 1719 594 1758 terrae.

71 1775 170 1824 Ducunt
180 1781 204 1822 et
215 1774 303 1822 Rutulo
313 1775 415 1838 perfusos
426 1778 538 1838 sanguine
549 1791 636 1823 currus.

72 1839 132 1889 Post
141 1840 237 1888 bellator
247 1855 324 1901 equus,
335 1842 414 1904 positis
425 1842 560 1903 insignibus,
571 1840 661 1888 AEthon

71 1904 96 1953 It
107 1906 239 1967 lacrymans,
250 1907 367 1967 guttisque
377 1908 494 1953 humectat
503 1906 625 1968 grandibus
636 1919 683 1952 ora.
709 1909 743 1955 90

72 1970 171 2018 Hastam
183 1971 220 2018 alii
230 1971 362 2033 galeamque
372 1971 463 2031 ferunt3
478 1985 531 2017 nam
543 1979 624 2018 caetsra
634 1968 727 2018 Turnus

71 2034 153 2083 Victor
168 2036 244 2083 habet.
273 2034 334 2083 Tum
350 2044 434 2083 moesta
444 2035 549 2098 phalanx,
562 2034 691 2099 Teucrique
706 2051 752 2086 som

83 2121 87 2134 ι
170 2108 276 2163 quantur,

74 2163 230 2227 Tyrrhenique
240 2167 315 2224 duces,
327 2176 351 2215 et
361 2168 433 2215 versis
443 2166 545 2216 Arcades
556 2169 631 2216 armis.

74 2230 197 2292 Postquam
209 2232 283 2280 omnis
292 2232 362 2296 longe
372 2234 481 2281 comitum
491 2242 631 2296 processerat
641 2232 704 2289 ordo,

75 2296 178 2344 Substitit
188 2296 283 2353 AEness,
293 2300 425 2361 gemituque
433 2300 485 2346 haec
496 2300 580 2347 addidit
589 2300 650 2347 alto:

75 2360 126 2409 Nos
137 2362 191 2408 alias
201 2363 253 2410 bino
263 2363 292 2410 ad
304 2363 416 2425 lacrymas
426 2365 506 2411 eadem
517 2364 607 2411 horrida
617 2364 670 2410 belli

76 2425 133 2475 Fata
142 2434 231 2474 vocant.
264 2428 333 2476 Salve
341 2436 450 2476 aeternum
462 2430 523 2483 mihi,
535 2430 634 2476 maxime
645 2427 717 2483 Palla,

77 2490 243 2554 AEternumque
253 2493 312 2541 vale.
342 2492 394 2540 Nec
404 2494 469 2556 plura
479 2493 566 2548 effatus,
577 2494 606 2539 ad
616 2493 675 2539 altos

76 2555 192 2605 Tendebat
202 2573 285 2614 muros,
299 2573 449 2622 gressumque
459 2559 482 2604 in
492 2566 567 2604 castra
576 2556 668 2604 serebat.

109 2620 204 2684 Jamque
213 2631 315 2671 oratores
325 2625 417 2671 aderant
427 2637 457 2669 ex
467 2623 522 2668 urbe
533 2619 623 2677 launa,
698 2623 750 2669 loo

79 2686 307 2747 Velatiramisolese,
318 2689 453 2751 veniamque
462 2692 585 2749 rogantasr
717 2719 718 2722 ,
