1709 2925
157 132 191 176 oo
273 83 277 96 ,
334 109 525 174 onoriolcu.
540 123 653 174 nonu

157 256 213 305 Non
224 256 274 304 illos
284 255 389 317 gravibus
398 254 516 315 quisquam
522 255 580 316 juge
590 255 672 303 ducere
681 256 792 318 plaustris,

157 322 213 370 Non
224 322 282 369 soltu
293 334 396 381 superare
406 320 467 365 riom
478 320 508 366 sit
517 334 604 380 possus,
615 328 639 367 et
649 323 695 367 scri
772 322 821 368 141

153 384 258 449 corpere
268 391 331 448 prato
339 382 403 446 fugi,
413 382 540 445 fluviosque
549 384 628 432 innare
638 399 736 447 rapaces.

158 452 255 500 Saltibus
265 451 288 496 in
299 450 376 496 vacuis
385 456 484 511 pmccnt,
496 456 519 495 et
529 449 595 511 plens
605 452 728 498 secundum

157 515 279 572 Flumino3
295 529 387 561 muscus
397 514 442 568 ubi,
453 520 477 559 et
487 514 621 561 viridissimo
630 517 734 578 grnrmne
744 516 798 577 ripn,

157 581 321 644 Speluncaeque
330 586 416 641 tegunt,
427 585 451 625 et
462 593 530 625 saxeo
540 580 647 641 procubet
658 582 743 628 umbro.

156 645 203 695 Est
213 647 276 693 lucos
288 644 353 691 Siloi-i
364 645 422 690 circs
432 643 562 705 ilicibusque
569 645 681 692 virentem

157 710 272 758 Plurimus
283 710 409 757 Alburnum
420 708 524 763 volitans,
536 709 585 772 (cui
595 725 679 757 nomen
687 711 744 759 asilo

157 775 341 828 Romanumest,
352 782 447 821 oesbum
459 773 523 820 Graii
534 772 622 821 vertere
632 773 752 837 vocantes)

157 840 241 904 Asper,
252 842 331 888 acerbo
341 854 439 898 sonons3
455 854 501 899 quo
511 846 559 885 tots
569 840 676 887 exterrito
686 841 749 888 silvis

157 906 292 969 Diffugiunt
302 911 416 961 crineum
433 902 488 949 furit
498 904 620 966 mugitibus
631 906 703 952 aetber
775 905 824 953 150

158 969 297 1026 concussus,
309 970 417 1029 silvaeque
427 975 451 1014 et
461 969 514 1015 sicci
525 970 574 1030 ripn
583 968 693 1032 Tanagri.

158 1035 213 1083 Hoc
224 1036 335 1096 quondum
346 1041 448 1081 monstro
459 1034 574 1081 horribiles
585 1035 687 1082 exercuit
697 1035 743 1083 iras

158 1100 257 1148 Inncbiae
267 1099 329 1148 Juno
339 1107 425 1161 pestem
436 1098 662 1161 meditamjuvencae.

157 1165 230 1213 Hunc
241 1180 335 1226 quoque,
346 1179 398 1224 nem
409 1164 489 1210 mediis
497 1162 623 1211 fervoribus
633 1165 706 1213 acrior
716 1165 793 1221 instar,

158 1231 253 1278 Arcebis
263 1230 356 1293 gravido
366 1230 449 1292 pecori,
457 1236 600 1291 armentoque
610 1244 689 1291 posces

157 1296 212 1344 Sole
221 1310 299 1343 recens
310 1303 366 1350 orto,
377 1301 417 1341 out
426 1301 518 1341 noctem
528 1294 659 1342 ducentibus
669 1295 744 1342 astris.
784 1313 789 1320 ·

190 1360 247 1407 Post
257 1366 345 1422 portum
356 1374 410 1407 curs
419 1359 444 1406 in
454 1359 539 1406 vitulos
548 1359 671 1407 traducitur
681 1361 773 1422 omnis3

158 1424 318 1487 Continuoque
328 1432 394 1472 notos
403 1430 427 1471 et
437 1424 529 1472 nomine
538 1425 613 1488 gentis
624 1425 724 1480 inurunt,

157 1491 196 1546 Et,
208 1506 265 1552 quos
276 1498 315 1536 aut
324 1490 400 1552 pecori
410 1490 491 1538 malint
500 1491 630 1538 submittere
640 1491 751 1547 babendo,

157 1555 207 1603 Aut
217 1554 261 1602 nris
272 1570 361 1602 servare
371 1570 456 1612 sacros,
467 1563 506 1601 cut
515 1555 616 1602 scindere
625 1562 715 1610 terrum,
779 1558 823 1604 160

157 1620 192 1669 Et
202 1635 304 1682 campum
316 1621 445 1667 horrentem
454 1619 532 1667 finctis
542 1621 655 1668 invertere
663 1621 744 1683 glebis.

158 1684 249 1734 Cetera
259 1693 381 1747 pascuntur
390 1685 473 1733 viriles
483 1693 584 1733 annerum
593 1700 634 1748 per
645 1686 740 1733 herbas:

157 1749 195 1797 Tu
206 1766 263 1812 quos
273 1751 301 1799 ud
312 1750 410 1798 studium
421 1757 489 1811 etque
499 1766 565 1798 usum
575 1749 682 1797 tombis
692 1757 812 1814 agrestem,

156 1815 210 1865 Jom
221 1816 304 1863 vitulos
315 1817 411 1873 bortnre,
422 1816 528 1877 viamque
537 1816 616 1862 insiste
626 1816 739 1870 domandi.

156 1880 222 1929 Dum
233 1881 310 1929 faciles
320 1881 389 1929 mimi
395 1882 514 1943 juvenum,
524 1881 578 1927 dum
588 1880 677 1928 mobilis
687 1888 752 1928 πω.
772 1900 775 1904 ·

156 1951 194 1994 Ac
204 1946 300 2008 primum
310 1947 375 1993 loxos
385 1946 448 1994 tenui
458 1945 487 1992 (le
496 1946 582 1993 vimine
591 1945 672 1993 circlos

157 2009 249 2059 cervici
258 2011 377 2067 subuecte3
394 2011 481 2067 debinc,
492 2011 530 2057 ubi
539 2011 609 2058 bbere
618 2011 678 2058 collo

156 2074 255 2124 servitio
265 2073 382 2137 usmirlnt,
392 2075 448 2138 ipsis
457 2090 471 2122 e
480 2076 595 2137 torquibus
606 2082 671 2138 aptos

155 2139 235 2202 Junge
244 2154 316 2201 pares,
327 2145 352 2186 et
361 2155 420 2202 coge
429 2140 524 2202 gradum
535 2141 771 2203 conterrcjuvencos3

155 2204 234 2265 Atque
243 2204 287 2251 illis
292 2205 342 2267 jem
352 2219 414 2267 sepe
422 2212 481 2252 rotae
490 2205 601 2254 ducentur
609 2207 689 2254 insnes
776 2208 824 2256 170

156 2269 203 2317 Per
212 2276 301 2325 terrain,
312 2277 336 2317 et
346 2284 436 2316 summo
445 2271 542 2334 ves‘o'gis
550 2272 644 2334 pulvere
653 2272 758 2335 signent:

156 2334 215 2382 Post
225 2334 299 2382 valido
309 2335 387 2382 nitens
395 2335 437 2381 sub
445 2336 544 2397 pondere
553 2336 645 2399 faginus
654 2337 706 2384 axis

154 2397 276 2461 Instrepot,
287 2409 311 2447 et
316 2402 410 2463 junctos
419 2407 480 2446 temo
490 2402 566 2449 nnbat
576 2417 649 2449 cereus
659 2403 733 2450 orbes.

156 2462 248 2512 Interes
258 2466 311 2527 pubi
320 2465 437 2511 indomitos
447 2477 495 2510 non
502 2468 605 2526 gramina
615 2474 711 2523 tontum,

155 2527 208 2576 Nec
218 2544 298 2577 vescas
308 2529 401 2576 sslicum
411 2527 511 2585 frondes
523 2532 640 2594 urumque
649 2533 780 2594 palustrem.

157 2593 560 2657 bcdirumentommucsrpesssts.
589 2596 761 2651 Necobttete,

157 2657 228 2707 More
236 2666 333 2723 petrum,
344 2658 411 2709 uires
419 2659 545 2723 implebunt
555 2661 683 2713 mulctraria
691 2675 782 2720 vacem
