1709 2925
149 132 199 180 ssa
329 110 642 175 mnnmosnmxri
739 82 741 85 ⁵

149 259 255 308 Pulsatur
264 256 364 306 rel'erens
375 257 459 315 inlecto
469 257 555 304 foetlere
565 256 656 305 Divos.

149 323 267 372 infrenent
276 324 314 370 alii
325 339 411 379 curnis,
422 331 462 370 sut
471 337 565 384 corpora
575 323 636 369 saltn

149 390 276 453 Subjiciunt
286 389 309 435 in
320 403 397 449 equos,
409 396 433 435 et
443 389 526 435 strictis
536 388 629 434 ensium
640 389 737 436 adsunt.

149 454 270 515 Messapus
281 468 368 516 regern,
380 454 484 516 regisque
495 453 585 514 insigne
595 463 729 514 gerentem,

148 518 293 579 Tyrrhenum
304 519 422 573 Aulesten,
433 519 512 565 avidus
522 517 665 565 confundere
674 518 763 574 fundus,
779 522 823 566 29⁰

149 584 256 631 Adverso
264 591 376 646 proterret
386 599 458 645 aquo:
478 583 523 630 ruit
533 583 572 629 ille
582 584 705 639 recedens,

148 647 182 697 Et
192 650 262 696 miser
271 649 379 711 oppositis
389 663 403 695 a
413 657 480 711 tergo
489 648 614 694 involvitur
623 649 674 696 sris

147 708 179 761 In
190 724 257 776 caput
267 715 334 776 inque
344 714 458 760 humeros.
489 714 523 760 At
532 712 635 759 fervidus
646 715 745 762 advolat
755 712 815 761 huri

149 776 278 841 Messapus,
289 779 379 840 teloque
389 787 490 826 orantem
501 778 573 824 multa
583 779 666 825 trabali
792 798 798 799 ff
818 781 820 787 ’

149 843 257 907 Desuper
268 845 326 892 altus
337 859 395 905 equo
406 845 505 906 graviter
515 842 575 898 serit,
586 850 657 904 atque
669 845 705 890 ita
715 843 789 890 fatur:

150 908 206 956 Hoc
217 911 297 969 hubet3
315 911 364 957 haec
374 910 454 955 melior
464 908 552 970 mugnis
563 907 616 954 dats
628 910 728 956 victima
739 908 812 955 Divis.

151 972 297 1023 Concurrunt
308 972 366 1030 Itali,
378 975 518 1036 spolisntque
528 972 626 1020 calentia
636 975 750 1021 membra.

150 1038 238 1086 Obvius
249 1041 375 1086 ambustum
387 1048 471 1085 torrem
483 1038 611 1098 Corpmaem
622 1039 651 1084 ab
662 1038 707 1084 ara

151 1101 259 1166 Corripit,
270 1113 294 1151 et
304 1105 404 1152 venienti
414 1104 494 1152 Ebuso
503 1103 640 1165 plagamque
649 1103 737 1150 ferenti

150 1168 255 1232 Occupat
265 1185 291 1217 os
301 1169 410 1217 flamma·
437 1168 484 1216 Olli
493 1169 575 1230 ingens
584 1168 654 1215 barba
664 1169 759 1224 reluxit,
773 1162 818 1216 306

150 1233 307 1297 Nidoremque
316 1236 417 1282 amburi!
427 1235 494 1281 (ledit.
527 1233 598 1295 Super
609 1233 660 1294 ipse
669 1242 766 1281 secutus

152 1297 277 1348 Caesariem
288 1298 346 1347 laevi
357 1300 438 1347 turbull
449 1298 541 1360 corripit
551 1299 630 1353 hostis,

151 1362 310 1427 Impressoque
320 1380 381 1427 genu
392 1365 467 1411 uitem
478 1371 547 1411 terrae
557 1363 656 1424 applicat
665 1364 742 1425 ipsum
748 1381 762 1422 ς-

152 1429 192 1477 sie
202 1431 275 1493 rigido
285 1430 344 1478 lutus
355 1445 409 1478 ense
419 1428 478 1477 ferit.
510 1428 637 1476 Podalirius
649 1428 741 1476 Alsum>

152 1494 277 1550 Pastorem,
288 1494 404 1558 primique
414 1496 462 1542 acie
472 1503 512 1556 per
522 1495 568 1541 tela
577 1501 691 1548 ruentem,

151 1559 216 1609 Ense
227 1576 322 1624 sequens
333 1562 394 1607 nudo
405 1560 588 1623 superimminet:
607 1560 647 1606 ille
658 1559 734 1613 securi

152 1627 250 1673 Adversi
260 1626 358 1673 frontem
368 1626 466 1672 medinm
477 1633 623 1686 mentumque
634 1622 731 1672 reducta

151 1690 252 1754 Disjicit,
263 1700 287 1739 et
297 1706 375 1754 sparso
385 1692 432 1738 late
442 1691 501 1752 rigat
512 1705 573 1737 arina
584 1704 672 1737 cruore.

152 1756 200 1806 Olli
212 1758 267 1805 dura
277 1759 339 1818 quies
350 1757 429 1804 oculos
440 1763 464 1802 et
473 1755 560 1802 ferreus
570 1762 637 1818 urget
769 1758 819 1802 309

68 1873 71 1878 ,
153 1821 266 1881 Somnus5
283 1823 307 1869 in
318 1828 425 1870 aeternam
437 1820 569 1868 clauduntur
579 1820 666 1866 lumina
676 1827 775 1867 noctem.

185 1887 280 1951 At'pius
289 1887 377 1935 AEnens
387 1887 489 1934 dextram
500 1886 605 1934 tendebat
615 1886 726 1931 inermem

151 1951 246 2001 Nudato
258 1954 336 2016 capite,
348 1960 416 2014 atque
426 1966 481 1999 suos
491 1951 589 1998 clamore
598 1950 708 1997 vocabat:

153 2017 300 2072 Qrso'rnitis?
317 2034 397 2079 quaeve
407 2019 452 2064 ista
461 2032 542 2078 repens
553 2015 664 2063 discordia
676 2014 767 2077 surgit?

153 2081 175 2129 0
186 2084 288 2130 cohibete
297 2083 354 2131 iras!
373 2084 442 2129 ictum
449 2083 497 2144 jam
508 2080 590 2136 loedus,
601 2090 625 2127 et
635 2094 715 2127 omnes

156 2145 296 2208 Compositae
307 2150 386 2210 legen
403 2148 458 2194 mihi
464 2149 504 2209 jus
514 2160 647 2194 concurrere
658 2145 716 2200 soli;

153 2211 197 2258 Me
208 2212 280 2268 sinite,
292 2222 359 2273 atque
369 2213 459 2259 auferte
465 2220 547 2260 metus.
580 2210 635 2273 Ego
644 2209 732 2257 loedera
741 2209 801 2257 faxo*

156 2275 234 2325 Firma
245 2290 327 2337 mnnu3
343 2277 448 2325 Turnum
456 2280 504 2339 jam
514 2277 656 2329 debent-haec
667 2275 722 2321 mihi
734 2290 801 2323 sacra.

187 2341 239 2389 Has
249 2344 308 2388 inter
319 2356 393 2395 voces,
405 2342 480 2389 media
489 2344 550 2389 inter
560 2342 614 2388 talia
624 2341 698 2395 verba,

153 2404 223 2459 Ecce,
235 2406 283 2452 viro
292 2406 391 2453 stridens
401 2407 443 2454 slis
454 2407 630 2469 allapsusagitta
640 2413 676 2452 est
685 2422 693 2462 3
768 2408 815 2452 319

154 2467 280 2523 Incertum,
290 2469 334 2530 qui
344 2470 409 2531 pulsa
418 2486 494 2527 manu,
506 2487 552 2532 quo
563 2472 652 2517 turbine
662 2471 755 2526 adacta3

154 2532 213 2585 Quis
225 2541 310 2580 tantam
322 2533 416 2581 Rutulis
426 2536 523 2588 laudem,
534 2551 636 2590 casusne,
649 2533 750 2590 Deusue,

153 2597 269 2642 Attulerit
291 2596 384 2644 'Pressa
394 2606 428 2644 est
439 2600 536 2661 insignis
547 2602 621 2663 gloria
630 2600 703 2655 sacti3

154 2655 205 2704 Nec
216 2673 267 2707 sese
276 2661 360 2708 AEneae
365 2664 462 2724 jactavit
471 2665 567 2715 vulnere
577 2666 705 2727 quisquam.
