1709 2925
148 128 164 171 2
332 106 516 161 BUCOLICA.
533 106 593 153 an.
604 103 625 151 1.

147 252 189 300 De
199 247 258 296 coelo
268 251 339 292 tactas
349 240 440 289 memini
450 238 571 300 predicere
581 249 683 295 quercus.

150 316 229 381 [Saepe
240 312 329 359 sinistra
338 305 393 354 cavia
402 304 506 367 praedixit
516 303 543 348 ab
554 302 604 346 ilice
614 296 710 361 cornino]

150 381 196 431 Sed
206 388 288 433 tamen,
299 376 342 422 iate
353 371 418 419 Deus
428 368 466 430 qui
478 369 513 421 sit
522 367 556 422 da,
567 363 736 425 Tityre‚'nobis.

425 496 534 530 mannus.
548 527 553 546 ι

151 577 245 631 Urbem,
256 586 323 635 quam
333 570 410 616 dicunt
420 563 526 616 Romam,
539 560 653 612 Meliboee,
664 556 740 619 putavi
779 560 821 603 20

151 644 239 692 Stultus
250 654 294 701 ego
304 634 356 682 huic
366 637 450 679 nostrae
461 629 563 681 similem,
575 640 619 686 quo
631 639 690 685 saepe
698 622 800 668 solemus

151 709 258 757 Pastorea
269 702 346 760 nvitun
355 706 445 744 teneros
457 692 566 755 depellere
575 689 642 735 setus.

152 775 190 823 Sic
201 763 291 819 cambus
302 759 388 812 catulos
399 759 489 828 similes,
501 758 534 802 sic
543 755 650 802 matribus
661 751 738 797 baedos

148 836 251 890 Ndmm3
269 833 301 879 sic
309 827 390 891 parcis
397 836 531 883 componere
541 833 624 881 magna
633 817 739 878 solebam.

150 903 238 951 Verum
249 899 298 946 haeo
309 899 396 946 tantum
408 888 462 935 alias
472 886 530 932 inter
541 891 607 946 caput
618 882 698 929 extulit
708 881 781 935 urbes,

150 969 268 1024 Quantum
277 960 340 1007 lento
350 956 423 1004 solent
434 954 492 998 inter
502 950 596 998 viburna
605 948 711 1010 cupressi.

415 1076 551 1111 mammos.
621 1070 624 1074 ’

149 1159 184 1211 Et
194 1171 245 1221 quae
255 1159 317 1202 tanta
327 1148 370 1197 luit
381 1146 480 1194 Romam
491 1144 531 1190 tibi
542 1155 609 1189 eausa
619 1137 727 1186 videndi?

428 1270 537 1305 armus.

151 1351 268 1405 Libertas3
286 1359 343 1407 qua,
355 1356 411 1396 sera,
423 1348 498 1386 tamen
510 1336 607 1398 respexit
617 1334 726 1388 inertem3

151 1413 274 1468 Candidior
283 1415 400 1474 postquam
412 1403 514 1451 tondenti
524 1403 592 1448 barba
601 1400 707 1455 cadebat3

152 1479 264 1543 Respexit
274 1487 357 1527 tamen,
368 1478 391 1518 et
400 1471 472 1532 longo
482 1476 534 1532 port
543 1477 645 1528 tempore
654 1465 723 1517 venit,
786 1470 821 1510 80

151 1547 275 1606 Postquam
287 1553 328 1587 nos
339 1536 463 1596 Amaryllis
473 1535 547 1588 habet,
559 1532 654 1580 Galatea
664 1529 760 1589 reliquit.

150 1611 264 1669 Namque,
274 1604 360 1651 fatebor
371 1602 438 1657 enirn,
450 1600 503 1647 dum
514 1615 552 1645 me
563 1597 659 1645 Galatea
668 1595 765 1649 tenebat,

151 1674 205 1724 Nec
215 1687 267 1735 apes
275 1668 383 1716 libertatis
393 1674 447 1720 eret,
459 1681 501 1711 nec
512 1679 566 1710 cura
575 1662 656 1724 peculi.

152 1737 264 1796 Quamvis
273 1734 346 1781 multa
355 1732 411 1779 meis
422 1732 494 1778 exiret
503 1730 595 1776 victima
605 1726 680 1788 septis,

153 1803 250 1867 Pinguis
261 1807 284 1847 et
295 1801 390 1860 ingratae
399 1801 539 1858 premeretur
549 1806 627 1839 caseus
637 1790 692 1844 urbi,

150 1869 209 1921 Non
218 1880 316 1928 unquam
322 1862 400 1926 gravis
406 1876 453 1908 aere
462 1860 554 1906 domum
565 1856 620 1903 milri
630 1855 709 1902 dextra
714 1853 811 1902 redibat.

416 1988 554 2025 RBHBOEUS.

151 2064 261 2121 meabat,
272 2058 324 2122 quid
335 2064 417 2104 moesta
427 2057 488 2110 deos,
500 2052 619 2113 Amsrylll,
629 2063 736 2105 vocares3

151 2130 199 2181 ‘Cui
209 2127 307 2191 pendere
318 2122 358 2170 sui
368 2121 475 2184 potereris
485 2120 510 2166 in
520 2119 598 2165 arbore
607 2130 681 2177 poma.

151 2196 247 2256 Tityrus
258 2191 310 2237 hinc
321 2189 403 2235 aberat.
437 2182 497 2248 Ipsae
508 2191 538 2237 te,
549 2182 637 2241 Tityre,
647 2180 721 2241 pinus,

152 2260 202 2325 lpsi
212 2265 236 2305 te
244 2256 326 2311 sontes,
337 2253 386 2316 ipsa
395 2253 446 2298 haec
456 2250 552 2304 arbusta,
563 2246 681 2293 vocabant.
786 2247 824 2291 40

431 2378 540 2411 umrnus.

154 2452 217 2511 cprid
225 2445 338 2498 facerem?
354 2457 428 2505 neque
439 2444 531 2490 servitio
541 2456 578 2487 me
588 2439 650 2486 exire
659 2437 747 2491 licebat,

153 2520 206 2567 Nec
217 2523 263 2563 tam
273 2516 397 2576 presentes
408 2509 459 2556 dibi
470 2519 608 2571 cognoscere
615 2504 686 2550 divos

155 2581 204 2630 Hic
214 2581 279 2627 illum
289 2577 335 2623 vidi
341 2576 458 2637 juvenem,
470 2573 588 2626 Meliboee‚
599 2567 719 2629 quotannis

154 2648 195 2694 Bis
207 2659 274 2693 senos
283 2641 321 2689 cui
331 2646 409 2687 nostra
417 2638 467 2686 dics
477 2637 555 2685 altaria
563 2635 658 2682 fumant.
