1709 2925
208 117 399 169 nuounlce.
416 117 469 169 Lu
481 117 527 167 lv.
669 124 701 169 87

25 247 106 296 Tanta
114 263 173 296 meae
184 249 203 297 ri
214 255 238 296 te
248 253 357 313 ceperunt
367 250 436 297 tedia
445 250 524 297 laudis.

62 315 97 361 At
106 323 179 362 mater
189 315 288 361 sonitum
302 316 401 362 thalamo
413 317 455 362 snb
465 315 563 362 fluminis
574 315 614 362 alti

24 379 119 440 Sensit:
139 395 189 427 earn
200 380 286 426 circum
298 380 392 427 Milesia
401 381 485 426 vellera
496 380 612 443 Nymphae

27 442 165 506 Carpebant,
177 445 238 504 hyali
250 453 327 491 saturo
337 446 414 492 fucata
424 446 511 498 colore3

26 507 171 571 Drymoque,
184 510 329 570 Xanthoque,
342 509 464 573 Ligeaque,
476 509 666 574 Phyllodoceque,

27 571 154 621 Caesariem
166 574 244 622 ciliisae
255 576 349 621 nitidam
359 591 398 637 per
409 576 503 622 candida
513 576 584 634 colla;

25 636 131 701 [Nesaee
145 640 251 702 Spioque,
263 639 394 701 Thaliaque,
408 639 603 705 Cymodoceqoey

27 702 187 766 Cydippeque,
199 714 222 752 et
232 705 292 751 flava
303 704 414 765 Lycorias
420 722 428 762 3
446 707 516 752 altera
525 707 598 767 virgo,

25 768 110 816 Altera
119 778 168 817 tum
180 771 265 831 primos
277 769 373 817 Lucinse
383 780 478 830 experta
488 771 588 828 labores3
651 777 700 819 8⁴0

26 831 126 896 Clioque
136 843 161 882 et
171 835 248 882 Beroe
258 852 329 890 soror,
341 835 487 883 Oceanitides
498 836 577 891 ambae,

25 899 111 947 Arnbae
122 916 184 956 auro,
195 902 262 963 pictis
274 902 379 947 incinctae
389 902 485 962 pellibus
496 902 582 960 ambae;

25 963 106 1026 Atque
116 965 219 1027 Ephyre,
230 974 298 1027 atque
308 966 372 1028 Opis,
384 974 408 1013 et
419 966 477 1012 Asia
488 965 608 1028 Deiopea

26 1028 61 1075 Et
71 1032 163 1077 tandem
175 1032 255 1093 positis
266 1032 335 1078 velox
346 1030 462 1078 Arethusa
473 1032 570 1093 sagittis.

26 1092 93 1141 Inter
102 1112 160 1155 quas
171 1112 249 1142 curam
261 1095 373 1155 Clymene
384 1098 488 1143 manabat
498 1097 587 1143 inanem

27 1158 134 1216 Vulcani,
146 1161 275 1222 Martisque
285 1162 350 1208 dolos
360 1169 384 1207 et
394 1162 470 1208 dulcia
478 1161 552 1217 surta3

27 1225 96 1286 Aque
108 1224 175 1274 Chao
185 1227 268 1273 densos
280 1225 368 1272 Divum
380 1227 512 1272 numerabat
521 1240 617 1273 amores.

27 1288 136 1337 Carmine
146 1307 193 1352 quo
203 1297 276 1354 captae
286 1292 340 1338 dum
351 1290 408 1338 furis
418 1291 496 1337 mollia
506 1305 577 1352 pensa

25 1351 170 1411 Devolvunt,
181 1357 263 1403 iterum
274 1363 387 1403 maternas
396 1356 487 1417 impulit
497 1371 564 1403 aurea

27 1417 116 1469 Luctus
127 1421 229 1477 Aristaei,
240 1422 363 1483 uitreisque
373 1422 479 1470 sedilibus
489 1436 569 1469 omnes
647 1424 698 1472 850

27 1484 185 1549 Οῢκῒυρυὲτες
201 1487 242 1534 sed
252 1496 306 1535 ante
316 1488 370 1535 alias
381 1488 497 1535 Arethusa
507 1503 596 1536 sorores

27 1549 179 1614 Prospiciens,
191 1551 281 1600 alrami
291 1552 376 1600 flarrnn
386 1563 453 1616 caput
464 1554 545 1601 extulit
555 1551 630 1612 undi3

27 1614 58 1663 Et
67 1618 161 1679 procul:
182 1618 204 1666 0
215 1620 303 1680 gemitu
313 1634 359 1666 uon
370 1618 454 1667 frustra
464 1620 571 1667 exterrita
580 1626 652 1676 tanto,

27 1679 119 1743 Cyrene
128 1699 201 1739 sorar,
212 1684 261 1745 ipse
272 1685 319 1738 tihi,
329 1693 369 1731 tua
378 1686 478 1732 maxima
488 1700 549 1739 cura,

26 1744 108 1796 Tristis
120 1750 235 1796 Aristaeus
246 1748 317 1796 Penei
327 1751 438 1812 genitoris
448 1750 476 1796 ad
487 1750 571 1797 undam

27 1811 76 1859 stat
85 1815 223 1876 lacrymans,
234 1822 258 1861 et
268 1821 292 1861 te
302 1816 416 1862 crudelem
426 1816 519 1862 nomine
530 1815 592 1861 dicit

29 1874 89 1925 Huic
99 1894 208 1942 percussa
218 1876 279 1926 nord
288 1887 387 1928 mentem
399 1879 520 1927 formidine
531 1886 610 1932 mater,

26 1940 85 2000 Duc
96 1960 148 2008 age,
159 1945 206 1991 duc
216 1944 244 1992 ad
256 1959 311 2001 nos;
328 1944 363 1992 ias
372 1946 406 1992 illi
417 1945 496 1991 limina
507 1942 595 1990 Divom

27 2005 137 2072 Tangere,
148 2011 195 2067 ait3
214 2009 282 2057 simul
291 2011 336 2058 alta
342 2013 408 2073 jubet
417 2009 534 2057 discedere
543 2009 589 2056 late

28 2071 136 2131 Flumina,
149 2075 195 2137 qud
201 2076 295 2138 juvenis
305 2091 397 2137 gressus
407 2075 508 2122 inferret.
533 2075 642 2123 Atilium
653 2114 655 2117 .

28 2136 126 2188 Cuncta
135 2142 161 2188 in
171 2141 257 2188 montis
267 2140 348 2188 lucian
359 2141 508 2189 circumstetit
520 2141 586 2197 unda
645 2146 691 2192 861

29 2204 166 2269 decepitque
176 2206 230 2254 sinu
239 2214 313 2264 vasto,
324 2207 431 2268 misitque
441 2208 483 2254 sub
494 2222 591 2254 amnem.

28 2266 120 2333 Jamque
130 2272 226 2319 domum
236 2273 321 2318 mirans
332 2274 455 2334 genitricis,
467 2279 491 2319 et
501 2273 593 2319 humida
603 2287 682 2337 regna.

30 2334 189 2398 speluncisque
199 2338 262 2384 honr
273 2337 370 2394 oleum
380 2338 491 2398 lucosque
502 2345 616 2393 sonwtoe,

29 2396 81 2456 lbet,
92 2411 122 2458 et,
133 2402 223 2465 ingenti
234 2410 299 2448 motu
310 2401 449 2463 stupefactus
458 2417 575 2463 aquarum,

29 2463 106 2514 Omnia
115 2469 159 2514 suh
168 2465 255 2528 magni
263 2467 361 2515 labentia
370 2466 465 2514 flumina
474 2465 536 2514 terri

30 2529 142 2593 Spectabat
151 2532 243 2579 diversa
253 2532 317 2589 locis,
330 2530 475 2592 Plresimque,
487 2530 630 2600 Lycumque,

30 2593 60 2641 Et
68 2604 139 2658 caput,
151 2596 215 2643 unde
226 2598 284 2644 altus
294 2597 392 2658 primum
404 2612 429 2643 se
439 2595 538 2654 erumpit
548 2589 658 2646 Effllfflh

31 2658 93 2711 Unde
102 2671 168 2728 pater
178 2659 307 2718 'liberinua
320 2668 344 2708 et
354 2661 415 2708 unde
425 2659 518 2707 Aniena
528 2653 620 2703 fluentes
