1709 2925
225 61 389 158 mnnmos
404 107 531 159 numu
562 96 564 98 ’
663 118 712 168 m

23 239 144 292 Stridore
153 239 249 303 ingenti,
259 241 368 303 liquidnm
378 247 441 288 trans
452 242 537 289 aetbere
546 248 627 299 nectes,
650 249 653 255 ’

27 303 158 355 obsedere
166 305 252 367 apicem
261 324 268 363 3
286 317 315 360 et,
326 306 419 368 pedibus
429 323 470 368 per
480 314 559 355 mutus
569 309 643 368 nexis,
697 313 701 322 ‘

26 370 147 421 Examen
158 370 256 417 subitum
268 385 331 417 mmo
340 370 460 417 frondente
469 373 582 435 pependit.

32 434 161 485 Continuo
169 441 240 490 vates,
252 434 380 482 Externum
391 438 509 492 cernimus,
520 438 601 499 inquit,

28 501 173 550 Adventare
182 500 264 555 virum,
275 507 299 547 et
308 508 384 563 partes
393 509 471 563 petere
481 517 563 564 agmen
574 503 664 553 modern

31 564 147 613 Portibur
157 580 189 613 ex
198 561 278 620 isdem,
288 573 311 612 et
322 564 412 613 summi
420 565 558 614 dominarier
567 584 626 617 erce.
674 565 709 620 70

31 630 163 687 Praeteree,
174 632 243 677 costis
253 630 328 678 udolet
337 631 391 677 dum
402 631 481 679 altorio
491 632 562 688 trudis,

32 694 77 743 Ut
86 697 157 759 juxto
167 697 293 757 genitorem
305 697 378 743 adstat
389 693 485 743 Ln'viuie
495 698 568 760 virgo,

31 759 97 808 Vise
108 759 186 825 (oclus
193 759 213 822 !)
225 761 300 823 longis
310 761 471 823 comprendere
481 762 580 809 crinibus
590 762 675 824 ignem,

31 825 116 888 Atque
128 840 220 872 omnem
231 833 335 873 ornatum
346 824 439 872 flammi
450 827 574 889 crepitante
584 829 685 885 cremori,

155 906 186 937 ue
195 905 290 937 recenso
299 905 382 945 eomes,
391 906 486 939 occense
495 907 609 947 coronam,

32 953 157 1019 Insignem
167 954 282 1017 gemmis3
298 963 347 1002 tum
358 955 444 1003 fumido
451 956 536 1004 lumine
545 956 610 1004 fulvo

33 1018 138 1075 lovolvi
149 1035 177 1067 nc
187 1020 242 1067 totis
248 1018 376 1067 Vulcanum
388 1035 494 1083 spargere
504 1023 578 1069 tectis.

34 1083 65 1133 Id
75 1101 133 1134 sero
143 1084 281 1132 horrendum
292 1100 319 1132 oc
328 1087 380 1132 visu
388 1086 491 1133 mirabile
497 1086 549 1133 ferri
559 1105 565 1133 x

34 1150 144 1213 Namque
153 1149 205 1197 sore
214 1150 324 1197 illustrem
335 1148 396 1197 lumi
404 1150 501 1212 satisque
511 1153 620 1200 couebuut

34 1214 129 1279 Ipsnm3
146 1214 187 1262 sed
197 1214 281 1277 populo
290 1229 399 1277 magnum
410 1216 544 1275 pomeridere
553 1217 645 1265 bellum.
674 1222 707 1267 80

37 1281 71 1328 At
80 1296 130 1334 rex,
142 1280 252 1328 collicitns
262 1281 377 1334 monstris,
388 1280 478 1328 orsculn
489 1279 569 1336 Fauni,

35 1345 132 1394 Fotidici
143 1346 262 1409 genitoris,
272 1345 326 1402 odit,
337 1345 446 1405 lucosque
457 1346 553 1393 subniti

36 1410 142 1460 Consedit
153 1408 275 1468 Albuued3
293 1425 410 1457 nemorum
421 1426 472 1474 quae
482 1409 582 1459 monime
592 1428 657 1461 sucro
697 1407 705 1414 ⁶

35 1477 112 1525 Fonte
123 1483 197 1532 sonet,
209 1491 339 1538 saevumque
348 1477 438 1525 exholst
448 1493 518 1540 opaco
527 1480 650 1542 mephitim.
693 1474 695 1479 ‘

38 1542 100 1590 Hinc
112 1541 180 1590 itale
189 1548 280 1604 gentes,
291 1542 409 1603 omnisque
421 1543 529 1591 OEnotris
537 1544 611 1599 tellus,

36 1606 64 1655 ln
75 1608 149 1655 dubiis
159 1622 269 1669 responso
278 1615 366 1670 petunt.
398 1606 454 1659 Huc'
464 1608 524 1656 dous
534 1604 639 1657 sacerdos
697 1608 700 1613 ’

37 1671 95 1722 Cum
108 1673 167 1725 tulit.
178 1680 202 1721 et
212 1688 321 1719 caeserum
332 1673 408 1720 ovium
420 1674 538 1721 subnecte
549 1675 624 1721 silenti

38 1737 138 1786 Pellibus
148 1738 250 1785 incubuit
260 1738 341 1794 stratis,
353 1753 490 1799 somnosque
500 1739 596 1800 petivit3

37 1803 114 1852 Mults
124 1803 198 1851 modis
208 1802 327 1850 simulacro
336 1804 399 1850 videt
409 1801 531 1850 volitentid
536 1803 606 1857 miris,
654 1816 656 1823 ⁴

37 1868 70 1917 Et
79 1869 155 1916 varim
165 1867 228 1915 rudit
237 1883 312 1925 voces,
322 1867 449 1930 fruiturque
459 1867 565 1914 Deorum
601 1890 603 1895 ⁴
673 1871 705 1916 90

38 1932 167 1995 Colloquio,
178 1940 246 1994 etque
256 1932 307 1980 imis
317 1933 449 1981 Acheronte
459 1931 540 1979 affatur
549 1932 655 1980 Auernis,

37 1997 86 2046 Hic
96 2006 121 2046 et
131 2006 180 2044 tum
190 2005 254 2060 poter
263 1999 320 2061 ipse,
330 2006 411 2060 petens
421 2011 535 2060 responsu,
548 1995 645 2045 Latinus

37 2063 137 2114 eentum
147 2063 262 2126 lanigeras
272 2065 384 2112 mactabat
393 2064 437 2110 rite
446 2063 555 2118 bidentes,

37 2130 114 2191 Atque
124 2130 204 2175 berum
214 2126 305 2176 effultus
315 2137 382 2192 tergo
392 2128 512 2188 stratisque
516 2128 608 2190 jacebat

38 2193 172 2242 Velleribus.
206 2192 286 2242 sonitu
295 2209 325 2242 ex
335 2195 381 2241 alto
391 2209 438 2242 vox
448 2194 535 2241 reddite
544 2194 596 2242 luco
606 2201 657 2243 erte

36 2259 75 2308 Ne
85 2266 139 2324 pete
147 2259 265 2306 connubiis
275 2266 352 2307 notem
362 2261 449 2307 sociore
460 2257 556 2315 Latinis,
610 2292 613 2301 ι

38 2326 121 2374 Omen
130 2324 260 2386 progenies,
270 2325 374 2373 thalamis
381 2340 426 2372 neu
438 2325 503 2371 crede
513 2325 611 2387 peretis3
645 2324 648 2329 ’

36 2390 134 2439 Externi
144 2389 240 2436 veniunt
249 2391 335 2452 generi,
346 2391 383 2452 qui
395 2391 506 2452 sanguiue
515 2397 618 2437 numum
700 2414 701 2417 =

38 2455 129 2504 Nomen
140 2454 164 2500 in
176 2462 236 2502 ostro
244 2454 324 2510 ferunt,
335 2470 475 2517 quorumque
485 2455 513 2501 nb
523 2455 593 2515 stirpe
600 2459 697 2515 nepotes

38 2521 122 2573 Omnia
132 2520 174 2565 sub
183 2519 285 2581 pedibus,
292 2519 338 2581 qud
349 2520 389 2567 Sol
399 2529 521 2580 utrumque
531 2531 649 2564 recurrens

38 2586 141 2649 Adspicit
151 2582 276 2639 Oceanum,
288 2586 390 2646 vertique
400 2586 494 2647 regique
504 2583 618 2628 videbunt
656 2583 700 2626 101

39 2649 218 2713 llaecresponsu
227 2651 297 2713 putris
308 2649 387 2710 Fanni,
399 2651 544 2706 monitusque
551 2644 629 2692 silenti
666 2642 668 2652 ⁴

494 2727 511 2758 x
