1709 2925
131 142 180 192 262
309 134 474 190 AENEIDOS
490 134 629 186 lavim

133 266 263 315 Miscebsnt
273 267 342 327 operi,
353 266 495 329 flammisque
505 267 637 328 sequscibus
647 267 701 314 im.

135 331 205 380 Parte
216 330 259 379 eliis
269 331 340 378 Marti
350 348 487 393 currumque
497 343 602 392 rotasque
612 332 719 379 volucres

135 394 266 454 Instebsnt3
284 397 363 457 quibus
374 397 412 443 iiie
422 398 491 449 viros,
501 397 581 457 quibus
591 398 677 443 excitet
688 398 774 452 urben

134 460 265 523 AEgiduque
274 461 413 517 horriferum,
424 462 519 508 turbetae
530 460 629 508 Palladis
640 476 711 515 mma,
846 453 847 476 ¹

135 523 246 574 ceruum
257 527 356 586 squamis
366 527 495 588 serpentum
506 541 605 587 auroque
614 526 722 588 polibsut,

136 588 303 651 Counexosque
312 606 408 653 ungues,
418 593 534 652 ipsumque
543 593 567 638 in
579 599 671 652 pectore
681 589 756 636 Divae
822 645 825 654 ,

136 656 252 717 Gorgone,
264 656 354 703 desecto
365 663 490 703 vertentem
501 656 587 702 iumine
596 655 663 702 cono.

135 717 221 767 Tollite
231 729 319 775 cuncta,
330 721 410 781 inquit,
421 729 553 781 emptosque
564 720 652 766 auferte
662 719 761 775 labores,

136 784 225 834 AEtuaei
237 784 358 847 Cyclopes,
369 792 393 832 et
403 787 447 831 buc
457 785 567 831 advertite
578 792 693 831 mentem:
756 785 804 828 44⁰

136 849 210 897 Arme
220 851 265 897 ucri
275 849 378 897 faciende
387 850 445 896 viro.
477 849 546 895 Nunc
557 850 641 895 viribus
652 864 715 902 usus,

136 912 209 961 Nunc
219 916 322 961 menibus
332 915 421 976 rapidis.
433 914 494 960 omui
505 929 566 960 nunc
576 921 624 960 srte
635 912 754 976 magistri.

137 978 281 1041 Praecipitate
291 994 372 1026 morus.
406 978 457 1025 Nec
468 978 532 1040 plura
542 977 637 1025 effetus:
656 987 681 1025 et
691 979 724 1024 iili

138 1043 217 1103 Ocyus
227 1041 348 1089 incubuere
359 1058 444 1097 omnes,
456 1044 581 1105 pariterque
592 1044 692 1090 loborem

111 1130 118 1142 ν
139 1108 231 1155 Sortiti:
250 1107 300 1155 fluit
310 1123 343 1154 aes
354 1109 415 1163 rivis,
426 1110 518 1169 eurique
528 1109 660 1163 metellum

137 1171 310 1233 Vulnificusque
320 1173 413 1234 chalybs
422 1172 488 1220 vesti
497 1174 590 1220 fornace
599 1173 710 1233 liquescit.

137 1234 261 1300 Ingentem
272 1239 376 1300 elypeum
386 1237 516 1293 informent,
528 1254 598 1285 unum
609 1239 687 1284 omnis
697 1244 776 1284 contre

138 1301 198 1349 Telo
207 1302 341 1351 Latinorum
350 1321 356 1360 ;
372 1310 527 1368 septenosque
533 1304 622 1350 orbibus
633 1303 700 1350 orbes

139 1365 276 1429 Impediunt.
307 1369 355 1415 Alii
366 1370 467 1416 ventosis
477 1367 567 1416 follibus
577 1384 643 1416 surus

138 1432 263 1495 Accipiunt
274 1433 427 1494 redduntque:
447 1434 484 1481 ulii
496 1435 612 1482 stridentis
623 1435 717 1496 tingunt
759 1429 804 1478 450

139 1498 199 1546 AErs
209 1498 267 1545 lecu.
298 1499 378 1546 Gemit
388 1500 498 1561 impositio
508 1500 625 1547 incudibus
636 1508 734 1545 antrum.

139 1561 178 1610 Illi
188 1564 247 1609 inter
258 1579 308 1610 sese
318 1562 392 1610 multi
401 1566 424 1610 vi
435 1565 524 1611 brachis
534 1565 619 1611 tollunt

140 1626 170 1676 In
181 1642 307 1682 numerum.
319 1636 456 1689 versantque
468 1631 541 1676 tenaci
551 1628 637 1690 forcipe
647 1642 753 1676 messem·

174 1692 235 1740 Haec
246 1700 309 1755 puter
320 1693 403 1740 AEoiiis
413 1700 518 1756 properet
528 1694 580 1740 dum
593 1692 705 1740 lemnius
715 1692 767 1746 oris

140 1756 274 1811 Euandrum
286 1773 315 1806 ex
326 1759 403 1806 humili
414 1768 475 1805 tecto
485 1758 526 1804 lux
537 1759 631 1805 suscitet
642 1757 710 1813 eima,

140 1823 175 1873 Et
186 1824 290 1871 matutini
301 1824 417 1871 volucrum
429 1824 471 1869 sub
481 1823 578 1870 culmine
588 1831 677 1870 centus.

103 1934 106 1940 r
140 1887 268 1951 Consurgit
279 1891 360 1944 senior,
371 1887 492 1948 tuuicdque
502 1888 616 1934 inducitur
626 1896 697 1940 artus,

141 1952 175 1999 Et
185 1953 306 2015 Tyrrhena
316 1955 397 2016 pedum
408 1954 532 1999 circumdet
542 1954 633 2000 vinculs
642 1951 742 2013 pleutis;

141 2015 202 2063 Tum
214 2019 279 2065 lateri
291 2026 358 2079 etque
368 2019 468 2064 humeris
478 2016 603 2080 Tegeaeum
614 2017 715 2078 subligst
725 2028 807 2068 ensem.

141 2080 253 2141 Demissis
261 2084 290 2129 sb
300 2082 359 2131 iaevri
369 2084 483 2146 pontherae
494 2092 560 2144 terge
570 2090 711 2143 retorquens.
760 2082 806 2125 460

141 2144 241 2192 Necnon
252 2155 276 2192 et
286 2149 372 2209 gemini
382 2148 487 2195 custodes
497 2149 574 2194 limine
584 2149 612 2194 ab
622 2148 669 2193 ulto

142 2208 286 2265 Praecedunt,
298 2227 446 2273 gressumque
456 2227 524 2260 cenes
534 2214 670 2260 comitantur
682 2210 783 2258 herilem·

143 2273 250 2335 Hospitis
261 2275 344 2322 AEueae
355 2278 430 2323 sedem
442 2285 466 2324 et
476 2279 668 2339 secrets'petebst,

53 2400 55 2403 Ι
142 2339 278 2387 Sermonum
287 2356 377 2389 memor
387 2352 410 2389 et
420 2343 526 2404 promissi
536 2343 642 2396 muueris,
651 2343 727 2388 heros.

142 2403 195 2451 Nec
206 2406 281 2467 minus
292 2405 379 2455 AEness
391 2422 415 2452 se
425 2409 551 2454 matutinus
561 2408 650 2468 agebat.

142 2467 215 2515 Filius
225 2470 278 2516 huic
289 2469 371 2524 Pullus,
382 2470 414 2516 ini
425 2486 503 2517 comes
513 2472 559 2517 ibat
567 2472 675 2518 Achates

144 2531 268 2593 Congressi
276 2535 379 2596 jungunt
388 2534 485 2588 dextras.
497 2536 620 2595 mediisque
630 2533 733 2580 residunt

143 2595 248 2648 AEdibus.
259 2605 283 2644 et
293 2598 354 2644 licito
365 2598 457 2645 tandem
467 2613 573 2646 sermone
583 2599 697 2647 fruuntur.

143 2657 343 2722 Rexpriorhaec:
768 2662 812 2707 469
