1709 2925
119 174 153 220 ⁸0
298 161 486 215 GEORGICA.
503 162 558 212 Lu.
569 160 615 212 IV.

118 299 204 348 Intima
214 312 277 345 more
288 312 330 344 auo
340 310 390 344 sese
401 295 425 343 in
435 295 547 343 cunabula
556 294 663 342 condent.

13 413 14 418 ,
151 366 192 415 Sin
203 362 423 424 antemadpugnam
432 361 543 418 exieriut5
556 359 790 424 (nnmsaepeduobnu

13 445 14 460 ¹
117 430 221 493 Regibus
231 427 324 476 incessit
333 441 418 489 magno
428 426 540 474 discordia
549 434 621 479 motu,

119 494 279 554 Continuoque
290 492 377 540 animoa
387 491 452 554 vulgi
463 498 487 538 et
497 490 631 553 trepidantia
640 489 701 539 bello

13 549 14 610 i
119 559 196 610 Corda
205 559 259 606 licet
268 559 338 620 longe
348 557 505 618 prtesciscere:
525 570 622 616 namque
632 563 750 604 morantes

117 625 218 673 Martius
228 622 329 672 illeaeris
340 622 401 670 rauci
410 636 480 668 canor
490 622 596 683 increpat,
609 629 633 668 et
643 635 691 668 vox
757 623 786 669 71

117 690 217 738 Auditur
227 688 311 736 fractos
322 687 410 735 sonitus
420 687 509 733 imitata
519 686 638 743 tubarum

117 754 179 802 Turn
191 755 284 817 trepidae
295 754 354 800 inter
366 767 390 800 se
400 752 490 808 coeunt,
501 751 626 813 pennisque
636 758 765 808 coruscant,

118 820 254 883 Spiculaque
264 826 378 866 exacuunt
388 818 474 871 rostris.
486 823 609 878 apudque
619 816 724 874 lacertos,

118 885 152 933 Et
162 886 222 933 circs
232 900 310 947 regem
321 890 388 943 atque
398 883 448 945 ipae
457 882 486 929 ad
496 882 602 944 pretoria
612 882 691 929 densae

118 950 255 1006 Miscentur,
266 948 400 1011 magnisque
409 955 493 995 vocant
503 947 637 994 clausoribus
647 945 757 1009 husten.)

118 1015 185 1079 Ergo
196 1016 239 1070 uiri.
251 1030 292 1061 ver
302 1019 376 1060 nnctse
384 1013 468 1059 sudum
479 1027 615 1075 camposque
625 1020 737 1074 patentes,

120 1081 250 1143 Erumpunt
260 1079 338 1140 portis,
350 1079 505 1135 concurritur3
523 1078 609 1125 aethere
617 1078 643 1124 in
653 1077 701 1125 alto

119 1145 159 1194 Fit
170 1146 266 1202 sonitus,
277 1158 386 1207 magnum
396 1144 477 1190 mixtae
486 1142 643 1206 glomerantur
652 1142 678 1188 in
687 1144 774 1199 orbem,

120 1210 296 1272 Praecipitesque
306 1208 397 1256 cadunt.
424 1206 480 1255 Non
491 1208 582 1255 densior
591 1207 644 1255 aire
653 1209 750 1271 grando,

119 1276 172 1324 Nec
184 1276 211 1323 de
222 1272 332 1322 concussi
343 1281 431 1322 tantum
442 1273 500 1336 pluit
510 1273 562 1320 ilioe
571 1273 668 1337 glandis.
758 1275 787 1320 81

120 1340 168 1404 Ipsi
179 1357 219 1403 per
230 1340 315 1388 medias
325 1340 392 1395 aoiea,
403 1339 531 1400 insignibus
541 1339 590 1394 aiis,

120 1404 232 1470 Ingentes
242 1405 330 1452 animos
340 1401 441 1467 angusto
450 1406 474 1451 in
484 1410 576 1468 pectore
586 1411 685 1459 versant,

121 1471 201 1535 Usque
214 1471 271 1518 adeo
280 1470 358 1517 obnixi
368 1486 415 1518 non
425 1471 512 1526 cedere,
524 1470 578 1518 dum
585 1470 663 1533 gunvis
673 1476 714 1517 sut
724 1470 774 1526 hos,

120 1539 171 1585 Aut
181 1539 224 1584 hos
233 1551 300 1584 versa
309 1533 365 1599 iugi
375 1537 449 1584 victor
460 1536 514 1583 dare
525 1542 590 1598 terga
600 1535 698 1598 subegit.

120 1602 156 1650 Hi
167 1607 243 1649 motus
253 1601 387 1657 animorum,
398 1608 466 1663 atque
476 1602 526 1649 haec
537 1597 661 1649 certamina
670 1607 743 1657 tanta,

120 1668 226 1717 Pulveris
237 1667 314 1729 exigui
321 1667 385 1729 Jactu
396 1681 526 1730 compressa
536 1668 665 1728 quiescunt.

153 1733 247 1788 Verum,
259 1733 297 1780 ubi
307 1732 413 1780 ductores
424 1734 473 1779 acie
482 1732 624 1780 revocaveris
635 1732 710 1789 ambo,

119 1798 228 1848 Deterior
238 1799 278 1861 qui
287 1798 358 1856 visus,
370 1813 430 1855 eum,
442 1813 472 1845 ne
481 1798 590 1860 prodigus
600 1797 667 1853 obsit,

119 1863 189 1913 Dede
200 1866 265 1922 neci;
281 1864 362 1912 melior
371 1862 445 1911 vacui
455 1864 504 1910 sine
514 1870 595 1925 regnet
604 1864 629 1909 iu
639 1859 699 1909 auli.
758 1863 791 1910 9⁰

120 1929 188 1977 Alter
198 1930 241 1977 erit
250 1930 345 1978 maculis
355 1945 411 1978 auro
420 1928 574 1990 squuenunus
584 1927 682 1986 ardens;

120 1993 183 2043 Nam
195 1995 239 2042 duo
249 2003 303 2042 sunt
314 2010 399 2057 genera
405 2012 414 2051 ;
430 1995 468 2043 hic
478 1994 566 2050 melior,
577 1993 675 2056 insignis
685 1998 711 2040 et
720 2006 768 2049 ore,

120 2057 155 2108 Et
166 2059 238 2106 rutilis
249 2059 322 2107 clarus
332 2061 448 2121 squamis3
464 2059 502 2106 ille
513 2059 616 2106 horridus
627 2057 685 2105 niter

121 2120 225 2178 Desidia,
235 2124 348 2186 latamque
358 2125 451 2172 trahens
460 2124 572 2186 inglorius
582 2123 667 2170 dvm.

121 2187 157 2236 Ut
167 2187 227 2235 binae
237 2204 317 2251 regum
327 2188 404 2246 iacies,
414 2191 448 2237 its
457 2204 552 2252 corpora
561 2188 647 2252 plebis:

121 2252 230 2315 Namque
240 2253 290 2300 alise
300 2261 378 2317 turpes
388 2256 496 2312 horrent3
512 2269 561 2310 ceu,
572 2253 666 2315 pulvere
676 2252 706 2301 ab
716 2252 762 2302 alto

123 2315 184 2367 Cum
195 2318 265 2372 venit,
277 2326 301 2365 et
311 2319 373 2368 sioco
383 2327 467 2368 terram
479 2320 540 2383 spuit
550 2334 591 2367 ore
599 2319 675 2366 viator

122 2382 223 2441 Aridus5
240 2383 330 2432 elucent
340 2384 399 2443 aliae,
411 2391 436 2432 et
444 2384 535 2449 fulgore
545 2389 673 2438 comeant,

122 2448 238 2497 Ardentes
248 2464 310 2505 auro,
321 2456 346 2496 et
355 2451 445 2512 paribus
455 2451 496 2498 lits
506 2465 602 2513 corpora
610 2449 691 2512 guttis

124 2511 186 2559 Haec
195 2515 271 2576 potior
281 2514 384 2573 soboles3
401 2516 454 2562 hinc
465 2515 519 2562 coeli
528 2523 631 2578 ternpore
641 2520 705 2562 cesto
746 2514 792 2559 1oe

120 2575 208 2626 Dulcia
218 2580 286 2631 mella
294 2594 398 2642 prarnes;
415 2595 459 2627 nec
468 2586 558 2629 uotum
568 2579 650 2636 dulcia,
659 2584 770 2641 quantum

121 2640 158 2691 Et
167 2641 257 2704 liquos,
268 2652 293 2692 et
302 2646 383 2693 durum
392 2643 479 2693 Bscctn
489 2646 603 2694 dominus
612 2658 727 2708 saporun.

155 2706 190 2756 At
200 2722 252 2757 cum
263 2710 349 2760 incerta
358 2709 445 2768 volant,
456 2710 561 2775 coeloque
571 2711 678 2760 examina
687 2708 776 2766 ludunt,
