1709 2925
149 164 182 212 42
235 157 243 169 “
341 152 528 208 caoacica
545 151 632 205 Iani.

151 286 182 336 In
190 287 253 338 ricco
262 285 342 334 iudrmi
351 286 442 346 fulicoe3
461 294 569 348 notasque
579 286 672 350 paludes

149 353 252 409 Deserit,
263 359 330 414 atque
340 354 407 400 altam
417 368 486 415 supra
495 353 558 400 volat
567 352 635 400 ardea
645 351 738 403 nubem.

154 419 221 481 Saepe
231 418 301 470 eiiam
308 417 391 473 steilaa,
403 425 473 464 vento
482 417 632 479 impendente,
641 418 729 467 videbis

152 482 287 545 Praeoipites
295 483 355 530 cralo
365 483 418 540 labi,
429 483 546 541 noctisque
556 496 597 542 per
606 483 708 530 umbram

152 546 307 598 Flammarum
317 548 400 609 longos
410 562 425 594 a
434 554 501 608 tergo
511 545 623 593 albescere
633 554 720 594 tractus
725 564 734 607 ς

154 613 222 675 Saepe
231 614 305 660 levem
315 612 401 674 paleam
412 618 436 658 et
445 610 538 659 frondes
546 611 641 658 volitare
650 612 754 670 caducas,

122 698 124 702 ’
155 676 206 727 Aut
216 676 304 724 summi
314 683 394 725 nantes
404 676 428 723 in
439 673 497 737 aqui
507 676 620 723 colludere
630 677 726 738 plumas.
773 681 827 730 869

155 743 191 792 At
201 742 283 790 Boreae
294 743 322 790 de
331 749 395 805 parte
406 741 538 790 truciacum
549 740 659 797 murinas,
670 749 758 790 etcum

154 807 257 870 Eurique
268 807 410 870 Zephyrique
419 813 484 853 tonat
495 806 581 862 domus,
592 807 668 853 omnia
677 807 752 869 plenis

156 872 223 921 Rura
232 879 311 920 natant
319 871 395 929 fossis,
406 879 474 931 atque
484 872 558 918 omnis
569 873 646 918 navita
655 880 727 933 ponto

156 938 261 986 Humida
271 938 322 984 vcia
330 936 394 997 legit.
423 935 547 996 Nunquam
557 936 735 997 imprudentibus
746 937 820 984 imber

157 1002 251 1051 Obsuit:
270 1008 309 1049 aut
318 1001 381 1047 iilum
390 1008 521 1063 surgentem
533 1000 627 1047 vallibus
636 1002 688 1047 imis

158 1068 237 1115 A‘e'riae
244 1064 325 1129 fugire
335 1080 418 1128 grues3
436 1073 476 1112 aut
485 1065 566 1111 bucula
575 1066 660 1111 coelum

158 1133 288 1195 Suspiciens
298 1131 379 1193 patulis
388 1130 486 1192 captavit
497 1130 587 1177 naribus
597 1144 676 1187 auras3

158 1198 209 1245 Aut
219 1204 299 1259 arguta
308 1196 370 1244 lacus
380 1194 568 1241 circumvolitavit
578 1194 689 1252 birundo;

159 1261 195 1313 Et
203 1268 303 1309 veterem
314 1262 337 1307 in
347 1262 402 1308 iimo
412 1273 475 1305 ranae
485 1256 587 1305 cecinere
596 1258 718 1319 querelam.

161 1327 250 1389 Saepius
259 1333 283 1372 ct
293 1325 358 1373 tectis
368 1323 518 1386 penetralibus
528 1323 609 1369 extulit
619 1337 664 1370 ova

160 1392 293 1454 Angustum
303 1389 397 1436 formica
406 1395 482 1434 terens
491 1389 551 1445 iter,
567 1395 592 1434 et
601 1388 656 1435 bibit
665 1387 747 1449 ingens
780 1392 829 1436 380

159 1457 250 1514 Arcus3
267 1461 291 1501 ct
301 1470 315 1501 e
325 1460 390 1517 pastu
400 1452 511 1501 decedens
520 1453 612 1515 agmine
621 1451 705 1515 magno

132 1519 136 1526 ’
163 1520 290 1570 Corvorum
301 1519 412 1580 increpuit
422 1518 497 1564 densis
507 1519 619 1565 exercitus
629 1518 678 1564 alis.
724 1554 725 1559 ,

162 1585 216 1635 Jam
227 1585 300 1634 varias
309 1583 384 1646 pelagi
394 1583 505 1638 volucres,
516 1589 540 1630 et
549 1597 601 1644 quar
611 1582 669 1630 Asia
679 1582 766 1630 circum

161 1649 276 1699 Dulcibus
286 1650 310 1696 in
320 1648 406 1711 stagnis
414 1648 523 1694 rimantur
533 1654 597 1709 prata
608 1644 705 1708 Caystri,

164 1715 275 1766 Certatim
285 1715 360 1776 largos
371 1713 470 1760 humeris
479 1711 596 1763 infundere
607 1727 677 1767 rores,

162 1781 234 1830 Nunc
245 1787 313 1843 caput
322 1780 434 1842 obJ'ectare
443 1777 513 1832 fretis,
525 1792 585 1823 nunc
596 1792 685 1824 currere
694 1775 719 1822 in
730 1778 811 1838 undaq

162 1847 198 1896 Et
208 1847 282 1894 studio
290 1846 402 1892 incassum
413 1842 490 1889 videas
500 1843 585 1903 gestire
595 1841 691 1890 lavandi.

164 1912 227 1960 Tum
237 1911 316 1959 cornix
322 1907 389 1972 plenia
397 1908 497 1970 pluviam
507 1913 575 1954 vocat
584 1907 685 1969 improba
694 1921 759 1964 voca,

164 1975 200 2026 Et
209 1976 259 2023 sols
268 1977 292 2022 in
303 1972 363 2022 sicci
373 1987 449 2020 secum
460 1972 568 2034 spatiatur
578 1970 653 2017 arenti.

165 2041 206 2089 Ne
216 2048 326 2087 nocturna
335 2038 424 2100 quidem
435 2043 552 2098 carpentes
562 2051 632 2098 pensa
641 2036 724 2099 puellae
784 2039 832 2085 890

165 2102 292 2154 Nescivdre
302 2105 405 2159 hiemem,
416 2099 476 2150 testi
485 2116 537 2148 cum
547 2102 640 2148 ardente
650 2101 755 2149 viderent

167 2170 295 2218 Scintillare
305 2169 387 2223 oleum,
398 2175 422 2215 et
432 2174 509 2228 putres
519 2181 664 2214 concrescere
673 2165 766 2229 fungos.

200 2233 253 2281 Nec
262 2234 337 2281 minus
348 2247 377 2280 ex
386 2232 451 2281 imbri
463 2231 521 2280 soles
532 2240 556 2279 et
565 2237 642 2294 aperta
652 2246 734 2279 serena

160 2299 307 2361 ‘Prospicera
318 2305 342 2345 et
352 2297 419 2345 certis
429 2297 514 2357 poteris
523 2311 663 2359 cognoscere
673 2296 754 2357 signia.

166 2364 230 2412 Nam
242 2377 314 2424 nsque
324 2370 373 2409 tum
384 2362 455 2408 stellis
465 2362 525 2410 acies
532 2362 614 2409 obtusa
622 2360 727 2420 videtum

167 2430 220 2477 Neo
230 2428 305 2476 fratris
316 2427 383 2475 radiis
393 2426 490 2476 obnoxia
500 2441 593 2488 surgere
603 2422 686 2483 Luna;

167 2494 256 2542 Tenuia
266 2508 309 2540 neo
319 2493 379 2540 lanae
388 2508 429 2554 per
439 2491 521 2539 coelum
531 2491 616 2539 vellera
624 2489 694 2548 serri3
744 2529 748 2535 .

129 2550 132 2565 ¹
166 2559 224 2608 Non
234 2558 333 2621 tepidum
344 2558 373 2606 ad
383 2557 453 2604 solem
464 2571 549 2618 penum
559 2555 583 2603 iu
593 2556 660 2602 litore
669 2556 772 2616 pandunt

168 2622 268 2676 Dilectae
277 2622 370 2673 Thetidi
378 2622 501 2685 alcyonem
518 2636 564 2683 noa
575 2636 615 2672 ore
625 2620 713 2671 solutos
