1709 2925
234 129 399 181 AENEIDOS
416 130 470 179 Lat
482 130 530 182 XI.
668 139 718 185 839

34 262 219 326 Dereptumque
230 262 258 309 ab
268 274 328 323 equo
338 259 418 310 doxtrh
428 261 586 324 complectitur
595 263 692 320 hostem,

34 329 73 378 Et
85 329 202 391 gremium
213 334 266 375 ante
277 342 342 374 suum
354 325 426 374 multi
436 328 459 374 vi
471 329 574 376 concitus
585 328 665 377 aufert.

35 394 145 442 Tollitur
155 393 179 439 in
190 393 274 440 coelum
285 392 384 449 chmorr
401 393 522 454 cunctique
532 392 611 441 latini

37 456 189 509 &urenae
199 459 285 505 oculos.
317 456 388 505 Volat
399 458 482 519 igneus
492 473 583 519 aequora
592 458 690 513 Tarcho.

36 525 117 573 Arma
128 525 247 584 virumque
255 522 349 580 ferenes
365 524 414 570 tu'm
426 522 516 570 summi
525 525 595 586 ipsius
605 525 633 572 ab
643 523 711 573 hsstl

36 589 167 650 Defn'ngit
175 588 268 642 fenum,
280 596 304 635 et
313 594 389 651 partes
399 589 494 635 rimatur
504 580 603 650 aperlae,

38 653 99 709 Qua
109 653 195 703 vulnus
205 653 271 701 letale
281 652 353 701 serat:
372 660 452 701 contra
462 653 501 700 ille
511 668 640 717 repugnans

37 720 149 767 Sustinet
159 735 174 765 a
178 719 261 781 jugulo
272 718 381 774 dextram,
393 727 416 765 et
427 718 474 765 vim
485 719 570 766 viribus
580 720 635 767 enit.
668 722 717 769 750
750 728 751 733 ’

37 784 124 845 thue
136 784 216 831 volans
227 784 273 830 alte
283 792 371 846 raptum
383 800 435 830 cum
447 782 509 831 salva
520 783 640 832 draconem

36 849 101 897 Fert
110 849 193 909 aquila,
199 838 353 912 implicuitque
360 849 436 912 pedes,
442 855 509 910 atque
516 849 629 911 unguibus
637 850 715 900 haesita

36 914 141 964 Saucius
151 920 175 961 at
185 929 278 976 serpens
288 915 380 962 sinuosa
389 915 506 962 volumina
515 925 598 969 versat,

37 980 193 1040 Arrectisquc
203 981 280 1027 horret
290 979 397 1041 muamis,
409 987 433 1026 et
444 980 518 1027 sibilat
528 995 576 1035 ore,

37 1045 140 1095 Arduus
150 1046 284 1107 insurgens:
303 1045 342 1091 illa
352 1045 411 1092 haud
422 1046 498 1092 miuus
510 1054 577 1107 urget
587 1045 677 1093 obunco

37 1110 183 1163 Luctantem
195 1119 284 1168 rostro;
301 1110 369 1157 simul
379 1111 464 1157 athera
473 1111 578 1157 verberat
587 1111 642 1157 alis:

37 1175 115 1223 Haud
126 1175 192 1222 aliter
202 1176 301 1237 praedam
312 1174 433 1222 Tiburtdm
445 1190 474 1222 ex
484 1175 577 1237 agmine
590 1174 682 1224 Tarcho

37 1241 126 1296 Portat
136 1254 215 1288 ovans.
247 1239 322 1288 Ducis
333 1240 463 1302 exemplum
473 1248 626 1301 eventumque
638 1242 710 1289 secuti

37 1306 307 1355 Maeonidae‘incurrunt.
339 1303 400 1352 Tum
412 1304 465 1353 fatis
476 1305 564 1353 debitus
574 1306 665 1354 Arruns

36 1372 159 1420 Velocem
162 1371 239 1433 jaculo
250 1378 274 1418 et
285 1368 357 1418 multd
366 1370 428 1434 prior
439 1377 487 1417 arte
498 1369 618 1418 Camillam
637 1381 639 1384 ’
668 1374 718 1420 760

38 1436 141 1493 Circuit,
153 1446 184 1493 et,
194 1452 247 1500 quae
259 1437 289 1485 sit
298 1435 391 1485 fortuma
399 1436 512 1493 facillima,
524 1443 605 1485 tentat.

38 1500 99 1560 Qut
109 1518 243 1564 secumque
253 1502 332 1551 furens
342 1503 417 1550 medio
429 1503 482 1550 tulit
491 1503 583 1567 agmine
594 1503 667 1567 virgo,

37 1569 99 1618 Hac
109 1571 201 1620 Armns
212 1569 278 1624 subit,
290 1576 313 1615 et
323 1569 405 1616 tacitus
415 1569 514 1631 vestigia
523 1569 618 1628 lustrat;

38 1633 98 1691 Qut
105 1634 190 1681 victrix
200 1634 258 1682 redit
269 1634 313 1689 illa,
324 1634 449 1696 pedemque
459 1650 489 1681 ex
500 1635 565 1682 horte
576 1640 685 1697 reportat,

37 1700 97 1749 Hac
103 1700 197 1764 juvenis
207 1699 285 1748 furtim
296 1700 381 1747 celeres
392 1700 512 1760 detorquet
522 1699 627 1746 habenas.
709 1743 711 1746 .

37 1765 97 1813 Hos
108 1764 190 1820 aditus,
197 1766 290 1827 jermus
301 1765 343 1812 hos
354 1764 435 1819 aditus,
446 1778 582 1824 omnemque
592 1770 693 1826 pererret

37 1831 155 1891 Undique
159 1830 291 1887 circuitum
300 1838 323 1877 et
330 1837 414 1877 certam
422 1830 495 1890 quatit
500 1829 615 1892 improbus
621 1829 717 1877 hastam.

36 1896 114 1946 Forte
125 1910 189 1941 sacer
201 1892 295 1957 Cybela
308 1893 426 1950 Chloreus,
439 1895 538 1955 olimque
549 1893 661 1950 sacerdos,

37 1961 145 2024 Insignis
155 1960 226 2022 longe
236 1960 345 2023 Phrygiis
355 1959 458 2022 fulgebat
468 1960 491 2005 in
503 1959 579 2013 armis,

39 2029 238 2090 Spumantemque
248 2026 348 2090 agitabat
358 2040 450 2086 equum,
461 2039 528 2086 quem
539 2023 611 2086 pellis,
622 2023 686 2072 u'e'nis

39 2092 71 2141 In
83 2092 185 2155 plumam
196 2092 303 2153 squamis,
315 2106 370 2138 auro
381 2098 486 2138 conserta
496 2090 596 2152 tegebat.
667 2093 713 2139 771

40 2158 104 2222 Ipse,
115 2155 236 2219 peregrini
245 2157 362 2218 ferrugine
373 2156 447 2203 clarus
457 2162 481 2202 et
491 2164 561 2211 ostro,

40 2224 136 2287 Spicula
147 2223 264 2282 torquebat
274 2220 349 2282 Lycio
362 2221 477 2282 Gortynia
487 2236 573 2280 comu3

40 2293 136 2337 Aureus
146 2301 175 2333 ex
186 2286 286 2333 humeris
297 2293 363 2334 sonat
373 2301 446 2343 arcus,
457 2295 481 2334 et
491 2302 560 2335 aurea
569 2287 617 2335 vati

41 2352 156 2408 Cassida;
173 2357 222 2403 tum
234 2366 337 2400 croceam
348 2352 536 2415 chlamydemque
546 2353 655 2414 sinusque
665 2365 716 2399 cre·

140 2429 220 2478 pantes

43 2482 170 2536 Carhasms
180 2482 243 2530 fulvo
255 2482 278 2529 in
289 2482 373 2529 nodum
384 2482 508 2544 collegerat
517 2496 580 2536 auro,

43 2549 124 2597 Factus
135 2563 177 2594 acu
188 2548 282 2601 tunicas,
294 2555 317 2594 et
327 2548 419 2594 barbara
431 2548 532 2609 tegmina
542 2560 641 2592 crurum.

45 2612 120 2661 Hunc
129 2612 203 2673 virgo,
215 2611 264 2659 siue
274 2619 301 2658 ut
311 2612 401 2673 templis
411 2611 541 2672 praefigeret
551 2624 614 2656 arma

43 2676 123 2734 Troia,
133 2677 223 2741 captivo
234 2678 283 2725 siue
293 2683 320 2724 ut
330 2691 355 2724 se
364 2676 435 2724 ferret
444 2676 468 2723 in
479 2687 535 2722 auro
