1709 2925
237 142 403 195 muumos
419 126 519 194 mam
665 134 711 195 tm

54 273 189 324 Circumfusa
200 276 252 332 ruit,
264 283 396 338 certantque
406 276 500 323 illudere
510 281 583 339 capto·

54 341 132 403 Accipe
141 356 203 389 nunc
210 339 324 388 ’Danaum
335 341 434 396 iusidias,
445 350 469 388 et
479 341 573 388 crimine
584 341 612 388 ab
622 355 669 389 uno

53 400 120 452 Disce
129 421 215 453 omnes.

52 466 156 531 quue,
168 478 194 518 ut
205 476 329 533 conspectu
339 471 362 516 in
374 469 448 517 medio
459 471 567 526 turbatus,
579 470 677 527 inermis,

54 531 161 595 Constitit,
168 543 237 596 atque
246 536 317 582 oculis
325 534 427 597 Phrygia
437 535 528 597 agmina
536 536 710 599 circumspexitg

54 595 116 648 Heu!
132 615 183 662 quae
194 616 254 647 nunc
266 600 341 655 tellus,
353 600 432 661 inquit,
444 614 496 662 quae
508 615 545 647 me
556 615 645 662 aequora
655 616 711 663 poa·

141 673 194 712 sunt
678 670 711 714 69

53 727 173 790 Accipere?
190 734 229 776 aut
240 729 293 791 quid
299 731 347 793 jam
359 729 442 776 misero
452 728 508 774 mssai
519 729 613 792 denique
624 726 710 777 restat?

53 789 94 840 cui
105 809 173 855 neque
184 794 242 856 apud
253 793 349 842 Danaos
360 809 455 854 usquam
466 793 529 840 locus
535 810 544 851 ;
559 802 582 840 et
591 808 658 856 super
668 794 711 858 ipsi

52 854 181 906 Dardanidae
193 858 274 906 infensi
285 874 364 921 poenas
375 874 426 904 cum
440 860 550 920 sanguine
560 865 663 920 poscunt.

53 920 102 975 Quo
111 925 195 985 gemitu
207 925 309 971 conversi
320 924 395 976 animi,
407 938 549 985 compressus
560 929 583 970 et
594 923 668 970 omnis

52 972 152 1049 impetus.
182 988 311 1035 Hortamur
320 988 368 1043 fari,
380 1004 424 1050 quo
436 988 546 1050 sanguine
556 994 638 1044 cretus,

53 1049 137 1104 Quidve
145 1052 217 1109 ferat3
234 1060 351 1107 memoret,
364 1068 415 1114 quae
427 1054 457 1099 sit
466 1051 548 1100 fiducia
558 1060 633 1115 capto.

52 1112 90 1163 Ille
100 1118 152 1173 haec,
164 1117 266 1181 depositi
276 1118 367 1164 tandem
378 1117 505 1171 formidine,
516 1116 588 1165 fatur:

85 1180 169 1231 Cuncta
190 1183 293 1245 equidem
316 1183 363 1240 tibi,
386 1197 433 1238 rex,
455 1180 523 1228 fuerit
544 1183 706 1246 quodcumque,

138 1247 225 1295 fatebor

53 1307 114 1367 Veia,
124 1312 210 1374 inquit;
228 1327 301 1375 neque
311 1327 348 1359 me
357 1310 466 1376 Argolici
477 1313 505 1360 de
515 1319 585 1375 gente
595 1315 696 1376 negabo:

53 1372 101 1423 Hoc
110 1378 204 1439 primum
210 1397 217 1437 ;
232 1393 281 1434 nec,
294 1379 313 1425 si
324 1378 429 1425 miserum
439 1377 541 1426 Fortuna
552 1378 659 1426 Sinonem
708 1374 710 1381 ’
758 1390 764 1395 ·

53 1436 129 1498 linxit,
139 1444 223 1491 tanum
235 1444 302 1491 etiarn
313 1442 489 1507 mendacemque
499 1444 600 1508 improba
609 1443 688 1509 finget.

51 1502 123 1566 lfaudo
132 1509 222 1571 aliquod
232 1509 251 1557 si
261 1507 321 1555 torte
332 1517 382 1556 tuas
392 1511 495 1573 pervenit
505 1510 534 1557 ad
545 1525 610 1557 aures
675 1511 705 1556 al

52 1566 129 1620 Belidae
140 1589 223 1622 nomen
234 1573 368 1629 Palamedis,
380 1583 402 1621 et
412 1574 497 1637 inclyta
507 1574 568 1622 samd

53 1634 134 1685 Gloria:
153 1654 221 1701 quem
231 1636 288 1685 saled
299 1640 340 1685 sub
349 1639 475 1701 proditione
487 1639 579 1702 Pelasgi

52 1696 165 1760 Imoutcm,
176 1703 269 1751 infando
281 1704 370 1759 indicio,
382 1705 434 1765 quia
447 1705 505 1751 bella
515 1704 611 1757 vetabat,

52 1761 162 1815 Demisere
171 1770 237 1827 neci;
254 1784 315 1816 nunc
326 1783 414 1816 omnum
425 1769 511 1816 lumine
521 1769 618 1830 lugent5

52 1826 82 1876 lili
92 1833 127 1879 mc
137 1834 250 1890 comitem,
263 1841 285 1880 et
296 1834 492 1897 consanguinitate
502 1834 659 1894 propinquum,

52 1890 131 1959 Pauper
139 1899 164 1944 iu
174 1914 237 1945 arma
247 1905 310 1960 pater
320 1899 398 1961 primis
409 1899 454 1944 huc
464 1898 526 1943 misit
538 1898 565 1943 ab
576 1896 647 1943 annis.

51 1955 107 2007 Dum
117 1964 188 2010 stabat
199 1979 270 2026 reguo
280 1963 543 2023 incolumiasregumque
553 1961 643 2023 vigebat

53 2019 156 2083 Conciliis
169 2034 192 2075 et
203 2043 245 2074 nos
256 2028 345 2088 aliquod
356 2040 485 2087 nomenque
496 2026 607 2089 decusque

52 2086 167 2140 Gessimus.
199 2091 289 2140 Invidia
299 2100 418 2153 postquam
429 2092 520 2154 pulicis
532 2091 625 2153 Ulyssei
673 2098 707 2142 90

51 2151 124 2215 (Haud
134 2159 213 2221 ignota
223 2156 314 2219 loquor)
327 2158 412 2219 superis
423 2157 535 2204 concessit
546 2158 574 2204 ab
583 2159 635 2214 oris,

50 2219 146 2269 amictus
156 2223 226 2270 vitam
238 2224 262 2269 in
274 2223 370 2269 tenebris
381 2222 488 2284 luctuque
499 2223 618 2281 trahebam,

51 2278 78 2330 Et
88 2300 160 2333 casum
171 2288 268 2334 insontis
278 2302 367 2334 mecum
378 2287 511 2349 indignabar
522 2289 595 2335 amici.

51 2344 94 2395 Nec
103 2353 162 2398 tacui
172 2353 266 2399 demens
272 2369 280 2410 ;
297 2359 321 2399 et
331 2367 374 2406 me,
385 2352 433 2398 fors
444 2352 463 2397 si
474 2366 518 2414 qua
528 2353 623 2407 tulisset,

52 2409 158 2475 &patrios
169 2432 268 2478 uuquam
279 2414 414 2464 remedasem
425 2418 499 2463 victor
509 2418 537 2463 ad
548 2417 634 2479 Argos,

51 2472 136 2527 Promisi
147 2482 258 2539 ultorem;
276 2487 300 2528 et
310 2482 384 2529 verbis
395 2482 446 2529 odia
453 2496 531 2543 ”pm
541 2481 610 2527 movi.

52 2537 105 2590 Hinc
114 2546 166 2592 mihi
178 2547 251 2610 prima
261 2546 314 2592 mali
325 2547 402 2602 labe„
419 2547 472 2591 binc
484 2558 572 2603 semper
583 2542 682 2599 Ulyssea

52 2601 176 2658 Ciminium
187 2619 272 2657 terrere
283 2611 363 2666 novis3
381 2611 433 2656 hinc
445 2620 551 2670 spargere
561 2617 629 2649 voca

51 2663 75 2717 111
84 2674 172 2739 vulgum
182 2676 307 2739 ambiguas,
317 2681 343 2723 et
352 2685 457 2736 quaerere
465 2667 570 2717 conscius
581 2675 649 2713 tma-
