1709 2925
242 180 408 236 AENRIDOS
424 178 552 236 Lleir
690 188 742 238 86⁵

61 314 207 368 Excisum
218 317 297 364 urbem
307 316 421 374 minitans,
432 325 458 365 et
467 318 556 365 sancius
566 317 643 366 insint.
720 342 722 345 ·

66 383 179 444 Quinque
186 382 255 430 orbes
265 383 357 446 explent
368 398 443 438 cursu,
453 384 592 445 totidemque
603 391 710 433 retexunt·

65 447 127 497 Huc
134 447 199 494 illuc.
229 446 313 509 Neque
323 448 384 495 euim
392 447 452 495 levis
461 455 501 494 aut
510 449 596 496 ludicra
605 457 717 511 petuntur

64 512 169 562 Proemia
175 529 184 571 ς
201 512 240 559 sed
251 511 324 560 Turni
336 513 364 560 de
374 510 422 559 viti
433 514 577 576 etvssngoine
584 522 682 563 certant.

63 577 141 627 Forte
151 593 214 625 sacer
225 576 306 624 Fauno
315 576 376 625 foliis
386 577 483 625 oleaster
493 579 583 626 amaris-

63 641 118 690 ch
129 649 227 696 steterat,
239 643 314 689 nautis
324 642 378 689 oiim
388 643 516 689 venerabile
527 643 613 705 lignum
619 660 629 702 ;
731 640 732 643 ’

64 708 159 756 Servati
169 722 198 755 ex
208 707 275 754 undis
285 707 322 753 ubi
333 705 404 769 ligere
414 708 473 754 dona
484 707 585 755 solebant

62 770 179 819 Laurenti
190 770 261 826 Divo,
273 778 296 817 et
306 780 371 819 votas
382 772 518 833 suspendere
528 783 612 820 vestes.

62 837 114 885 Sed
125 838 216 899 stirpem
227 835 311 884 Teucri
322 835 385 883 nullo
395 836 524 883 discrimine
534 852 622 884 sacrum
687 840 739 887 'm

62 901 218 959 sustulerant,
228 917 286 962 puro
297 907 323 948 ut
333 907 426 962 possent
436 916 570 948 concurrere
580 917 666 966 campo.

64 965 118 1014 Hic
129 967 193 1014 hasta
203 965 288 1016 AEneae
297 966 384 1013 stabnt:
403 967 448 1012 huc
455 968 556 1029 impetus
566 967 627 1015 illam

61 1031 197 1087 Detulerat,
207 1030 276 1078 limans
287 1028 416 1078 cotenu-in
424 1032 501 1078 radice
506 1033 607 1080 tenebat.

64 1094 182 1151 Incubuit,
189 1097 306 1157 voluitque
314 1096 524 1144 manuconvellere
533 1097 618 1145 serrum

64 1160 219 1216 Dardanides,
230 1161 320 1222 teloque
331 1161 400 1221 sequi,
412 1176 479 1221 quem
491 1162 600 1224 prendere
610 1178 677 1211 cursu

62 1225 127 1276 Non
136 1232 235 1289 poterat
250 1224 323 1273 »Tum
334 1241 390 1272 vero
400 1226 607 1275 arnensvlormidine
617 1227 718 1285 Turnus,
728 1259 731 1266 -

62 1290 154 1348 Faune,
166 1306 252 1354 precor,
261 1291 374 1346 miserere,
383 1291 468 1352 inquit;
479 1294 643 1354 tuque-optima
650 1294 735 1343 fenum

62 1355 144 1408 Terra
151 1364 220 1414 tene;
237 1356 296 1403 colui
305 1363 396 1404 uestros
407 1357 426 1402 si
437 1371 525 1419 semper
535 1358 640 1415 honores,

62 1421 136 1478 Quos
147 1431 225 1470 contra
232 1420 346 1471 AEneadae
357 1421 416 1469 bello
425 1420 501 1470 secere
511 1421 624 1486 profanos.

62 1487 145 1543 Dixit,
156 1503 266 1551 opemque
277 1486 324 1534 Dei
336 1502 382 1535 nou
394 1502 458 1535 cossa
467 1489 491 1534 in
503 1496 557 1536 vota
567 1491 665 1537 vocavit.
685 1492 734 1540 780

62 1551 175 1614 Namque
186 1553 448 1614 diu-luctans,‹lentoque
458 1554 482 1600 in
493 1554 562 1617 stirpe
573 1564 682 1615 moratus,

63 1616 161 1666 Viribus
172 1618 232 1665 haud
243 1618 294 1665 ullis
305 1618 376 1665 valuit
386 1618 511 1666 discludere
521 1634 610 1667 morsus

57 1682 168 1732 &oboriri
177 1683 272 1731 AEneas.
303 1682 368 1730 Dum
379 1684 459 1731 nititur
467 1699 520 1731 acer
530 1691 554 1730 et
564 1686 642 1743 instat,

61 1747 158 1798 Rursus
168 1748 192 1795 in
203 1748 289 1811 aurigae
295 1747 378 1796 iaci
389 1756 476 1797 mututa
487 1749 580 1796 Metisci

62 1813 191 1869 Procunit,
201 1814 309 1875 fratrique
320 1828 397 1861 ensem
408 1813 463 1862 Dea
473 1812 567 1861 Daunia
577 1815 664 1873 reddit3

62 1878 137 1934 Quod
148 1877 228 1926 Venus
238 1879 316 1926 audaci
328 1878 445 1941 Nymphae
455 1879 571 1941 indignata
580 1880 655 1937 licere,

62 1943 179 1998 Accessit,
190 1944 305 2006 telumque
315 1942 361 1992 uta
371 1945 398 1991 ab
408 1944 483 1991 radice
494 1944 588 1993 revellis

62 2009 113 2057 Olli
125 2008 237 2064 sublimes,
249 2010 317 2056 armis
327 2009 452 2071 animisque
462 2008 547 2065 refecti,

62 2073 115 2123 Hic
126 2074 202 2136 gladio
211 2073 290 2131 fidens,
302 2074 339 2122 hic
348 2089 400 2122 acer
411 2082 436 2122 et
445 2074 528 2122 arduus
538 2073 609 2132 hasti,

61 2140 186 2188 Assistunt
196 2145 276 2187 contra
285 2140 408 2187 certamine
418 2139 503 2187 Martis
513 2141 595 2189 anheli.
687 2145 736 2194 790

96 2202 114 2253 J
116 2218 214 2251 unonem
223 2205 311 2251 interea
320 2204 374 2252 Rex
385 2205 548 2267 omnipotentis
556 2197 650 2270 Olympi

62 2269 205 2330 Alloquitur,
215 2268 278 2317 fulva
287 2284 376 2333 pugnas
387 2271 415 2317 de
425 2271 485 2317 nube
496 2277 597 2319 tuentem
608 2289 614 2319 z

63 2334 130 2390 Quae
135 2335 184 2397 Jorn
195 2332 247 2381 finis
258 2334 306 2390 erit,
318 2335 416 2398 conjux?
433 2336 486 2397 qnid
497 2335 593 2398 denique
603 2334 690 2384 restat?

64 2398 197 2462 Indigetem
209 2399 300 2447 AEnean
312 2401 356 2447 scis
367 2401 421 2463 ipss,
433 2407 457 2447 et
467 2401 525 2448 scire
534 2401 618 2458 icteris,

62 2464 153 2513 Deberi
165 2465 231 2518 coelo,
241 2463 338 2527 istisque
348 2466 377 2512 ad
388 2466 460 2512 sidera
470 2465 527 2513 tout

63 2528 130 2584 Quid
140 2529 227 2576 struis?
243 2539 282 2577 aut
292 2528 336 2591 qud
347 2545 387 2592 spe
395 2530 477 2593 gelidis
487 2530 510 2576 in
521 2530 617 2578 nubibus
626 2529 720 2579 haeres?

64 2592 188 2643 Mortalia'
200 2593 276 2642 decuit
286 2594 365 2642 violari
375 2596 469 2642 vulnere
480 2593 588 2642 Divum?

64 2659 206 2710 Alsiensem
216 2659 355 2724 (quidecim
366 2661 415 2710 sine
426 2667 449 2712 te
455 2657 558 2770 ἒυωηιι
566 2657 683 2721 valeretii

482 2728 516 2773 13
