1709 2925
163 101 198 150 38
357 78 546 135 GEORGICA.
562 76 650 128 Iuni·

165 221 348 337 Tempuquinumo
358 225 443 279 tegere,
458 220 483 262 et
492 209 627 275 jamdudum
642 208 783 257 incumbere
807 245 809 249 Α

165 357 232 411 Dum
244 350 304 405 sicci
313 349 395 398 tellure
403 345 464 399 licet,
476 343 529 391 dum
540 340 616 389 nubila
625 339 734 402 pendent.

165 423 230 472 Vere
239 419 296 468 iobis
307 415 379 470 sotio.;
396 419 446 459 tum
457 416 481 456 te
491 422 588 469 quoque,
600 405 701 463 Medica,
712 411 802 468 putres

165 487 290 548 Accipiunt
301 480 364 533 sulci,
375 484 398 526 et
408 476 471 523 milio
481 473 545 521 venit
556 486 632 520 annua
643 486 712 527 cum

166 550 285 604 cenudus
294 545 378 597 emotis
387 541 460 605 sperit
470 554 522 586 oum
534 536 639 585 cornibus
649 550 736 583 annum

165 617 265 671 Taunus,
275 620 300 662 et
309 611 404 659 adverso
414 606 497 658 cedens
508 602 579 652 canis
590 602 672 648 occidit
682 608 754 650 astro.

165 685 202 734 At
213 684 232 731 s'
242 681 352 728 museus
361 674 387 724 in
397 686 495 722 messem
506 670 641 728 robustoque
651 665 711 713 farra

166 746 291 801 Exercebis
301 744 402 793 humum,
413 737 512 795 solisque
522 732 616 779 instabis
627 730 701 777 aristis
707 748 716 789 3
799 734 849 777 220

166 815 231 866 Ante
241 811 281 858 uui
291 807 352 856 Eos}
362 800 491 851 Atlantides
501 796 672 849 abscondantur,

168 877 314 936 Gnossisque
325 869 423 917 ardentis
434 863 528 912 decedat
538 862 603 909 stello
614 859 723 914 Coronae,

167 944 255 994 Debita
262 951 331 1001 quem
342 934 410 983 sulcis
422 929 550 978 committas
562 926 653 981 semino,
666 940 786 987 quamque

167 1009 254 1058 Invitos
262 1013 368 1068 properes
379 997 432 1045 anni
443 1010 507 1057 spem
517 993 608 1040 credere
618 998 693 1038 terrm.

166 1073 240 1126 Multi
250 1076 303 1117 ante
314 1078 419 1114 occasum
429 1060 502 1107 Moiae
512 1054 602 1119 coepire
610 1056 623 1102 ε’
637 1055 676 1102 sed
687 1054 740 1102 illos

166 1139 309 1200 Exspectate
319 1145 385 1193 seges
395 1128 461 1176 senis
471 1124 539 1172 elusit
549 1122 629 1169 aristis.

169 1206 195 1254 si
206 1217 260 1251 vero
271 1198 396 1257 viciamque
406 1206 468 1239 seres
475 1189 591 1247 'vilemque
601 1182 703 1237 faselum,

168 1269 223 1317 Nec
234 1264 358 1314 Pelusiacae
368 1273 446 1306 euram
456 1252 617 1316 adspernsbere
626 1249 709 1304 lentis3

170 1333 242 1382 Hsud
252 1332 346 1379 omnum
356 1324 438 1372 cudens
448 1320 523 1367 mittet
533 1317 573 1364 tibi
583 1317 649 1377 signu
659 1312 757 1359 Boiites.

169 1398 256 1459 Incipe,
267 1402 291 1441 et
301 1392 330 1439 sd
339 1389 427 1438 medios
436 1390 559 1433 sementem
569 1378 668 1427 extende
678 1378 784 1438 pruinas.

202 1461 291 1511 Idcirco
302 1456 370 1505 certis
379 1454 505 1500 dimensum
516 1446 616 1511 partibsm
626 1444 701 1491 orbem
801 1447 848 1491 231

171 1528 218 1578 Per
228 1525 331 1575 duodeno
341 1520 401 1579 regit
410 1516 488 1564 mundi
500 1513 540 1561 Sol
550 1525 632 1558 aureus
639 1516 705 1557 amru.

171 1593 281 1652 Quinque
289 1590 368 1633 tenent
379 1581 463 1627 ooelum
475 1593 556 1635 zonae3
572 1588 666 1637 quarum
676 1585 723 1619 una
734 1587 840 1621 corusco

171 1659 266 1719 semper
277 1650 324 1699 sole
335 1648 422 1715 rubeus,
435 1651 459 1691 et
468 1642 553 1689 torrida
564 1654 652 1719 semper
663 1638 690 1685 ab
701 1637 768 1698 igoi3

170 1724 248 1779 Quam
259 1719 344 1765 eircum
354 1717 463 1758 extremae
473 1704 553 1754 dextri
563 1705 665 1764 laevsque
676 1702 811 1759 trahuntur,

171 1780 279 1838 cerum
289 1778 362 1844 glaeie
371 1780 484 1823 concrete
494 1779 561 1832 atque
571 1769 677 1815 imbribus
688 1767 752 1814 atris.

170 1852 225 1903 Has
234 1852 293 1898 inber
304 1843 446 1901 mediamque
456 1838 507 1884 duoe
517 1835 648 1882 mortalibus
658 1832 728 1893 aegris

170 1917 272 1967 Munere
281 1923 396 1960 concesse
406 1903 499 1959 divum
515 1901 554 1948 vis
563 1905 625 1947 secta
634 1912 674 1960 per
684 1897 770 1953 ambus,

172 1982 283 2042 Obliquus
293 1973 373 2039 quise
384 1973 501 2034 signorum
511 1971 611 2014 verteret
621 1963 683 2011 ordo.
809 2008 812 2017 ,

171 2046 276 2097 Mundus
286 2049 313 2090 ut
322 2040 351 2087 sd
362 2035 479 2097 Scythiam
489 2031 641 2093 Rbipaeusque
651 2028 734 2076 arduus
745 2041 817 2076 arces

172 2108 312 2171 Consurgit3
322 2104 431 2168 premitur
441 2098 523 2160 Libyae
530 2096 629 2144 devexus
636 2094 661 2141 in
669 2092 778 2140 Austros.
797 2098 845 2141 241

172 2175 222 2225 Hic
233 2179 312 2221 vortex
321 2168 387 2217 nobis
395 2178 486 2226 semper
496 2162 612 2211 sublimisz
631 2167 654 2207 at
664 2159 729 2205 illum

171 2242 221 2295 Sub
230 2238 323 2303 pedibus
335 2234 395 2295 Styx
404 2237 453 2283 stra
462 2228 531 2281 videt,
542 2227 670 2285 Manesque
679 2220 796 2286 profundi.

172 2305 291 2356 Maximus
301 2301 338 2349 bic
348 2298 410 2346 flexu
421 2296 512 2343 sinuoso
523 2291 618 2339 elsbitur
627 2289 721 2352 Anguis

173 2369 275 2424 Circum,
286 2376 369 2430 perque
377 2364 435 2411 dues
445 2361 469 2407 in
479 2372 566 2406 morem
576 2354 677 2403 fluminis
687 2352 781 2410 Arctos,

173 2437 259 2487 Arctos
270 2430 356 2480 Oceani
367 2432 494 2477 metuentes
505 2437 596 2484 aequore
605 2419 672 2481 tingi.

172 2501 232 2558 Illic,
243 2507 269 2548 ut
278 2496 402 2560 perhibent,
413 2498 453 2540 sut
462 2491 597 2550 intempesta
606 2486 658 2532 silet
668 2497 715 2531 nox

174 2568 276 2629 Semper,
286 2570 311 2610 et
321 2556 413 2609 obtenti
422 2557 545 2603 densentur
555 2559 622 2600 nocte
633 2550 750 2607 tenebrae;

174 2631 225 2682 Aut
235 2629 293 2679 redit
303 2642 318 2677 s
327 2625 392 2676 uobis
402 2621 498 2678 Aurora,
510 2619 614 2680 diemque
624 2614 727 2672 reducit5
