1709 2925
243 62 433 115 GEORGICA.
448 62 502 114 Lu.
513 65 535 115 Ι.
692 72 726 117 85

19 245 21 256 ,
95 196 194 244 Humida
205 195 302 243 solstitie
312 203 379 255 atqnue
390 195 474 244 hiemes
485 202 547 244 orate
558 210 655 252 menes,
681 200 728 245 100

19 259 21 336 ἰ
67 261 191 326 Agricolae3
210 262 303 310 hiberno
314 260 430 307 laetissima
440 261 531 322 pulvere
540 261 606 317 lame,

19 353 20 386 3
68 326 140 375 Laetus
150 342 221 389 ager,;
239 325 301 376 nullo
312 331 399 371 tentum
411 340 436 372 se
446 325 525 387 Mysia
534 326 596 374 cultu

19 393 21 472 l
67 391 141 447 ductat.
154 400 177 438 et
187 392 237 453 ipsa
247 405 300 437 suus
311 390 420 438 mirantur
431 390 535 453 Gargara
543 406 636 441 messes.

19 479 21 512 q
68 457 124 512 Quid
133 458 214 510 dicum,
222 457 285 519 jicto
295 455 334 515 qui
345 455 432 501 semine
442 457 568 504 comminus
578 472 633 505 arva

19 525 20 564 1
68 520 198 583 Insequitur,
210 520 357 580 cumulosque
367 521 413 565 ruit
423 520 481 567 mule
491 521 582 582 pinguis
592 537 681 580 erenae3

19 591 20 596 ’
67 586 153 634 Deinde
165 587 220 633 satis
230 584 325 632 fluvium
335 585 421 632 inducit
429 585 536 647 rivosque
547 596 681 647 sequanam

67 651 103 707 Et,
114 667 166 699 cum
178 655 272 697 exustus
282 664 338 711 ager
347 650 494 698 morientibus
505 657 586 698 estuat
596 652 676 709 herbis,

67 716 126 765 Eece
137 714 257 777 supercilio
268 714 347 762 clivosi
358 716 454 761 tramitis
465 716 547 762 undam

67 781 152 830 Elicit?
169 780 208 827 illa
219 779 301 827 cadens
312 794 404 827 raucum
415 795 456 841 per
465 780 524 826 levia
533 794 635 828 murmur

68 849 124 894 Saxa
133 847 186 900 ciet,
197 845 347 906 scatebrisque
357 846 444 892 arentia
454 852 633 907 temperatam
684 850 732 894 110

69 912 132 967 Quid,
143 912 191 972 qui,
203 925 232 957 ne
242 909 342 971 gravidis
353 910 485 971 procumbat
495 910 582 957 culmus
593 911 673 966 aristis,

67 977 190 1024 Luxuriem
202 981 306 1037 segetum
317 973 395 1021 teneri
405 975 504 1037 depascit
515 976 537 1022 in
549 974 622 1030 berbi,

69 1041 124 1096 Cum
136 1042 236 1102 primum
247 1040 321 1086 sulcos
333 1046 423 1099 aequant
435 1040 500 1086 sata?
516 1041 599 1100 quique
609 1040 696 1102 paludis

68 1106 195 1155 collectum
206 1106 323 1152 humorem
333 1103 408 1150 bibuli
419 1104 508 1150 deducit
519 1105 605 1152 areni?

68 1171 195 1219 Praesertim
207 1169 299 1216 incertis
310 1170 453 1215 simeonibus
464 1171 537 1215 amnis
546 1170 661 1219 abundans

69 1236 129 1292 Exit,
141 1243 165 1283 et
177 1235 274 1282 obducto
285 1235 331 1281 late
340 1241 404 1280 tenet
414 1235 491 1281 omnia
501 1234 572 1291 limo;

69 1301 135 1349 Unde
145 1315 211 1348 cavae
221 1298 297 1361 tepido
308 1299 389 1345 sudent
400 1299 494 1345 humore
504 1299 599 1346 lacunae.

98 1367 155 1418 Nec
170 1373 254 1419 tamen,
272 1365 322 1411 haec
333 1379 384 1411 cum
404 1364 450 1411 sint
463 1365 625 1426 bominumque
640 1366 719 1414 bonm-

162 1445 208 1493 que
218 1430 307 1478 labores

72 1497 187 1545 Versundo
198 1503 281 1545 termm
292 1496 386 1558 experti,
397 1496 453 1541 nihil
463 1495 577 1557 improbus
587 1511 659 1554 anser,

73 1563 253 1624 Strymoniaeque
262 1575 338 1623 grues,
350 1567 374 1607 et
384 1562 466 1607 ematis
476 1562 553 1608 intuba
563 1560 631 1616 fibris,
689 1565 737 1610 120

73 1627 185 1681 Officinnt.
197 1633 237 1673 aut
247 1627 326 1672 umbre
337 1633 410 1673 nocet.
443 1625 513 1673 Pater
522 1627 571 1687 ipse
581 1626 669 1673 colendi

74 1691 141 1741 Haud
150 1692 241 1739 facilem
252 1706 303 1738 esse
312 1691 373 1738 mum
383 1690 468 1748 voluit3
479 1692 608 1752 primusque
618 1699 737 1753 petentem

74 1757 148 1804 Movit
158 1772 234 1819 ugnos,
246 1756 306 1802 curis
316 1770 399 1802 acuens
410 1757 514 1803 mortalia
524 1755 605 1811 corda;

75 1821 124 1869 Nec
134 1830 227 1884 torpere
234 1822 299 1883 gravi
310 1836 388 1882 passus
399 1837 441 1867 suu
451 1835 523 1881 regna
532 1827 634 1866 veterno.

76 1888 136 1934 Ante
145 1887 162 1935 J
162 1901 229 1935 ovem
240 1886 297 1932 nulli
306 1886 442 1948 subigebant
451 1899 506 1931 anve
516 1884 604 1930 coloni:

76 1951 126 1998 Nec
136 1952 226 2013 signore
236 1951 326 2012 quidem
338 1959 377 1998 aut
387 1950 464 2012 partiri
474 1949 546 1995 limite
556 1964 660 2012 campum

20 2016 21 2021 ’
77 2015 121 2063 Fas
130 2025 192 2064 erat:
210 2017 234 2062 in
245 2016 345 2062 medium
355 2016 500 2077 quaerebant3
517 2015 608 2076 ipseque
619 2017 685 2065 tellus

77 2080 159 2128 Omnia
169 2082 267 2137 libarius,
279 2081 343 2127 nullo
353 2088 468 2142 poscente,
478 2078 570 2126 serebat.

77 2144 119 2193 Ille
128 2147 212 2193 malum
223 2147 286 2193 vinus
294 2147 435 2208 serpentibus
444 2145 529 2192 addidit
539 2146 599 2201 atris,

78 2209 221 2272 Praedarique
230 2212 298 2274 lupos
304 2212 379 2272 jussit,
391 2218 530 2271 pontumque
539 2212 624 2258 moveri
634 2228 642 2270 3
698 2215 746 2258 lac

77 2275 194 2337 mellaque
204 2276 304 2323 decussit
313 2275 381 2331 foliis,
391 2277 514 2336 ignemque
524 2277 626 2332 removit,

77 2340 110 2387 Et
119 2342 203 2403 passim
213 2342 269 2388 rivis
279 2342 392 2387 currentia
401 2342 455 2388 vina
465 2341 585 2401 repressit3

79 2405 113 2453 Ut
125 2406 198 2453 varius
209 2421 264 2453 usus
274 2406 403 2452 meditando
414 2406 549 2452 extunderet
559 2414 619 2452 artes

79 2470 198 2526 Paulatim,
210 2479 234 2518 et
245 2471 313 2518 sulcis
324 2470 431 2517 frumeuti
442 2477 554 2530 quaereret
563 2470 669 2522 herbam

80 2535 114 2582 Ut
125 2536 195 2583 silicis
206 2538 271 2584 venis
283 2537 410 2583 abstrusum
422 2535 544 2589 eucuderet
554 2532 639 2592 ignem.

78 2599 145 2650 Tunc
157 2603 223 2651 aluos
232 2602 331 2666 primum
341 2599 407 2649 fluvii
417 2596 509 2648 sensere
519 2602 625 2649 cavatum
