1709 2925
138 121 185 170 174
324 115 491 169 AENEIDOS
506 115 560 167 LE
572 117 617 167 lv.

136 249 216 298 Litora
226 246 357 298 deseruere:
376 250 435 298 btet'
442 251 484 299 sub
493 250 602 297 classibus
614 255 711 310 aequor'3

134 315 221 363 Adnixi
231 323 337 375 torquent
345 330 444 377 munias,
453 322 476 363 et
487 315 572 362 coerulu
582 322 685 362 verrunt.

167 380 201 428 Et
211 381 259 441 jam
270 380 342 441 prima
352 395 413 428 novo
424 381 543 442 spargebat
553 380 640 427 lumine
651 387 727 426 terras

135 443 228 492 'lithoni
239 459 343 491 croceum
353 444 458 506 linquens
469 445 560 492 Aurora
566 445 655 491 cubilex

134 510 233 571 Regina,
243 525 257 555 e
267 510 364 571 speculis
374 519 400 555 ut
409 511 506 571 primum
517 509 631 556 albescere
640 509 719 556 lucem

134 573 206 630 Vidit,
217 581 243 621 et
252 575 346 635 equatio
355 574 451 622 classem
462 574 583 636 procedere
593 574 658 628 velis,

135 638 258 701 Litoraque
269 646 292 686 et
301 654 385 686 vacuos
396 639 468 686 sensit
478 640 527 686 sine
537 639 624 700 remige
634 645 732 700 portus3
757 674 760 679 >

134 703 225 766 Terque
235 711 356 765 quaterque
367 718 436 751 manu
447 711 526 765 pectus
536 718 643 765 percussa
653 703 771 755 decorum,

135 768 300 831 Flaventesque
310 769 407 816 abscisse
417 783 501 823 comas,
512 767 559 814 Pro
569 767 673 830 Jupiter!
694 769 736 815 ibit
757 770 802 815 590

136 833 190 889 Hic,
203 836 240 890 ait,
252 844 275 881 et
285 835 369 882 nostris
380 834 474 880 illuserit
485 833 572 880 advena
582 832 679 895 regnis?

135 898 192 947 Non
203 914 264 947 arma
272 899 399 961 expedient,
411 896 503 960 lotique
513 912 543 944 ex
554 898 608 944 urbe
619 905 751 959 sequentur,

135 963 300 1026 Deripientque
310 969 369 1010 rates
378 963 416 1010 alii
428 962 561 1009 navalibus?
586 960 629 1017 Ite.

134 1027 205 1076 Ferte
215 1029 252 1075 citi
262 1028 371 1082 flammas,
382 1028 435 1075 (loce
445 1028 505 1081 velar
511 1027 621 1089 impellite
631 1042 751 1077 remos.-

135 1093 198 1148 Quid
213 1092 310 1153 loquor?
327 1099 366 1140 aut
382 1093 420 1140 ubi
436 1092 504 1140 sum?
525 1091 586 1146 Quae
599 1099 703 1139 mentem
719 1091 801 1140 insama

231 1165 304 1205 mutat
310 1157 354 1203 ἳ-

135 1221 219 1269 Insellx
230 1222 307 1271 Dido!
325 1237 386 1270 nuuc
396 1230 420 1269 te
429 1222 490 1270 facta
500 1223 568 1285 impia
577 1223 695 1286 tangunt?

134 1286 196 1335 'sum
212 1288 295 1345 decuit,
304 1303 358 1336 cam
374 1295 463 1350 sceptra
478 1287 622 1336 dabas-En
639 1288 723 1336 dextra
736 1286 798 1335 ride·

231 1353 288 1414 que!

135 1417 211 1473 Quem
222 1432 299 1466 secum
310 1418 395 1481 patrios
405 1419 470 1467 aiunt
479 1426 569 1483 portare
579 1417 694 1467 Penates!

135 1483 211 1537 Quem
223 1484 316 1531 subiisse
323 1484 556 1533 humerireonfectum
564 1491 632 1532 aetste
638 1490 756 1547 parentem
763 1483 799 1532 l-

134 1548 190 1596 Non
201 1548 264 1610 potui
273 1549 389 1612 abreptum
399 1550 507 1598 divellere
517 1565 605 1613 corpus,
615 1556 639 1596 et
649 1550 718 1597 undis
755 1553 799 1597 60⁰

134 1613 265 1676 Spargere?
282 1628 328 1660 uon
339 1614 420 1670 socios,
432 1631 479 1662 non
489 1616 563 1677 iprum
573 1616 691 1662 absumere
699 1614 761 1663 ferro

134 1679 267 1735 Amanium,
279 1678 400 1741 patriisque
410 1681 546 1743 epulandum
558 1694 643 1741 ponere
652 1678 788 1728 menslei-⁴

134 1743 222 1791 Verum
233 1760 315 1807 anceps
324 1759 409 1807 pugne
417 1744 493 1793 suerat
501 1744 599 1792 fortuna.
631 1743 738 1802 Fuisset3

136 1809 212 1864 Quem
223 1812 294 1858 metui
304 1809 430 1857 moritura?
457 1809 531 1858 Faces
540 1811 565 1857 in
576 1816 650 1857 castra
660 1811 768 1867 tulissem,

134 1872 313 1937 Implessemque
323 1874 386 1923 foros
395 1874 499 1932 flamia,
511 1883 634 1936 natumque
644 1882 773 1937 patremque

134 1937 195 1988 Cum
203 1955 287 2002 genere
294 1937 429 1994 exstinxerit,
434 1946 519 1988 memet
526 1940 796 2003 superipsadedioreme-

134 2003 183 2058 Sol,
194 2005 232 2065 qui
243 2012 352 2053 terrarum
363 2004 461 2053 flammis
471 2021 540 2068 opera
550 2006 627 2052 omnia
636 2004 725 2060 lustras,

133 2066 216 2129 Tuque
226 2070 305 2117 harum
315 2071 425 2132 interpres
436 2085 540 2118 curarum
551 2076 575 2117 et
584 2070 676 2118 conscia
684 2069 752 2126 Juno,

133 2131 306 2195 Noctumisque
316 2134 407 2183 Hecate
417 2136 490 2182 triviis
501 2135 585 2182 ululata
594 2150 635 2197 per
645 2136 717 2191 urbes,

134 2196 168 2245 Et
179 2195 246 2244 Diroe
256 2200 356 2257 ultrices,
367 2208 390 2247 et
401 2199 436 2247 Di
446 2201 563 2248 morientis
573 2199 663 2255 Elissae,
751 2203 799 2247 610·

133 2261 239 2323 Accipite
250 2263 305 2319 haec,
316 2265 467 2326 meritumque
476 2266 542 2313 malis
552 2265 662 2313 advertite
672 2280 758 2326 nmen,

133 2326 168 2375 Et
179 2333 268 2376 nostras
278 2329 353 2376 audite
363 2344 449 2390 preces.
481 2330 505 2378 si
516 2337 611 2392 tangere
621 2337 701 2391 portus

134 2390 256 2440 Infandum
267 2399 340 2455 caput,
352 2408 378 2441 ec
388 2396 456 2442 terris
466 2396 549 2443 adnare
559 2410 652 2443 necesse
662 2403 714 2450 αῖς

133 2456 168 2505 Et
178 2458 211 2504 sic
221 2457 268 2505 sata
278 2457 344 2507 Jovio
354 2467 465 2521 poscunt3
483 2460 519 2507 hic
529 2461 640 2510 terminus
650 2461 732 2509 haeret:

134 2522 169 2568 At
178 2523 238 2570 bello
248 2524 338 2571 audacis
348 2525 424 2587 populi
436 2532 530 2572 vexatus
540 2533 565 2572 et
574 2526 650 2579 armis,

134 2585 229 2635 Finibus
240 2590 343 2645 extorris,
351 2590 471 2650 complexu
482 2590 574 2637 avulsus
584 2589 637 2645 Iuli,

134 2650 252 2701 Arrnilium
263 2655 374 2718 imploret,
385 2654 505 2717 videatque
515 2655 609 2719 indigna
619 2663 709 2704 suorum
