1709 2925
259 148 424 200 munmos
440 141 578 199 Insunt
707 155 755 201 sss

65 282 191 332 Maxime
202 278 343 329 Teucrorum
355 282 441 337 ductor,
452 272 504 342 quo
510 282 594 344 sospite
603 296 719 343 nunquam

69 349 130 397 Res
142 347 251 408 equidem
262 346 340 409 TroJae
350 347 422 393 victas
434 356 473 394 aut
483 363 554 408 regua
563 347 650 394 fatebor
656 365 663 407 ς

69 414 159 461 Nobis
170 412 199 458 nd
210 411 262 458 belli
272 412 378 459 suxilium
405 428 431 457 ro
442 413 532 458 nomine
543 421 607 459 tanto

70 477 186 540 Exiguae
198 478 265 523 vires.
299 475 363 523 Hinc
397 492 452 523 usco
462 477 585 523 claudimur
595 477 671 535 smui3

72 542 149 590 Hinc
163 541 265 588 Rutulus
275 542 362 604 premit,
374 549 398 588 et
408 556 497 588 murum
509 543 660 589 circumsonat
669 542 746 592 erinis.

72 608 128 655 Sed
140 607 183 653 tibi
195 622 241 668 ego
251 608 356 668 ingentes
366 606 462 668 populos
473 607 623 667 opulentaque
634 608 711 669 regnis

69 672 189 734 Jungere
201 679 274 718 castro
284 686 354 732 pero3
371 686 440 732 quam
450 671 498 718 sors
507 672 599 732 inopina
610 671 706 718 salutem

71 738 202 785 Ostentat.
235 734 299 783 Fatis
309 737 352 783 huc
364 746 387 782 te
397 736 540 798 poscentibus
550 735 623 782 affms

73 801 159 849 Haud
169 800 250 862 procul
260 802 313 847 hinc
323 815 379 848 saxo
390 802 495 848 incolitur
505 800 598 846 sundnto
609 808 699 849 vetuuo

72 867 158 914 Urbis
168 865 288 927 Agyllinae
299 867 378 923 sedes3
396 867 433 913 ubi
442 864 517 926 Lydia
527 866 640 926 quondam

73 933 161 988 Gens,
172 930 233 977 bello
243 931 357 992 praeclare,
364 933 429 994 jugis
440 930 521 978 insedit
533 930 644 978 Etruscis.
706 935 755 979 480

73 996 156 1044 Hanc
169 995 254 1052 multos
264 995 382 1043 florentem
393 1011 465 1043 annos
475 1011 517 1042 rex
527 996 607 1043 deinde
618 996 713 1059 superbo

73 1061 188 1124 Imperio
200 1067 224 1106 et
235 1057 301 1108 sevis
312 1062 385 1107 tenuit
396 1061 530 1108 Mezentius
541 1062 615 1109 umis.

75 1126 149 1181 Quid
161 1140 286 1172 memorem
296 1125 400 1173 infundas
410 1125 501 1172 caedes?
517 1127 571 1186 quid
582 1126 642 1174 sacto
653 1126 743 1188 tyranni

73 1190 184 1241 Effera?
218 1189 252 1237 Di
263 1191 330 1252 capiti
340 1192 410 1252 ipsius
420 1192 544 1253 generique
554 1192 682 1241 reservent!

74 1257 184 1305 Mortua
194 1256 249 1315 quin
260 1256 328 1302 etiarn
335 1257 447 1318 jungebat
458 1271 552 1317 corpora
563 1257 627 1310 vivis,

75 1320 237 1382 componens
247 1321 393 1381 manibusque
403 1336 491 1374 manus,
503 1329 571 1380 atque
582 1322 656 1368 oribus
668 1336 708 1368 ora

75 1385 222 1502 gementi
232 1383 316 1446 genus)
325 1402 332 1442 ;
350 1396 374 1431 et
384 1387 447 1432 sanie
457 1386 552 1446 tribuum
560 1384 656 1433 fluentes

119 1451 218 1513 mplexu
229 1450 252 1497 iu
260 1451 343 1499 misero
353 1449 424 1514 longi
435 1451 466 1498 sic
477 1460 550 1498 morte
561 1452 661 1499 necabat.

74 1519 116 1565 At
127 1517 188 1563 fessi
199 1516 289 1562 tandem
300 1517 362 1563 cives
373 1516 464 1563 infanda
473 1516 585 1563 furentem

73 1582 179 1631 Armati
190 1581 357 1628 circumsistunt
367 1582 485 1642 ipsumque
495 1582 645 1642 domnnque3
705 1584 757 1629 490

76 1648 233 1696 obtruncant
243 1647 323 1699 socios,
334 1647 411 1708 ignem
420 1647 449 1693 ad
458 1647 549 1708 fastigia
554 1647 650 1709 jactant.

75 1711 127 1760 lue
139 1713 204 1758 inter
215 1711 289 1758 caedes
299 1710 438 1758 Rutulorum
449 1712 537 1773 elapsus
548 1712 572 1756 in
582 1726 651 1772 agros

77 1775 232 1838 Confugere,
243 1783 267 1822 et
278 1774 350 1822 Turni
361 1775 476 1823 defendier
486 1776 581 1838 hospitis
591 1775 666 1821 armis.

76 1841 154 1905 Ergo
166 1841 242 1888 omnis
252 1840 316 1888 furiis
327 1842 424 1887 surrexit
435 1839 529 1887 Etruria
534 1840 603 1902 Justis
609 1856 617 1896 3

76 1906 180 1969 Regem
192 1905 221 1952 nd
232 1906 363 1968 supplicium
374 1907 480 1967 praesenti
493 1905 569 1951 Marte
580 1909 707 1966 reposcunt.

78 1972 132 2019 His
144 1986 193 2033 ego
205 1977 235 2025 te,
246 1970 328 2026 AEner,
339 1972 456 2019 ductorem
467 1970 565 2016 millibus
575 1969 662 2016 eddam.

77 2036 148 2084 Toto
161 2050 260 2095 namque
269 2036 370 2083 fremunt
379 2036 501 2083 condeusae
510 2035 577 2082 litore
587 2049 686 2096 puppes;

80 2102 207 2165 Signaque
216 2099 275 2147 ferre
280 2101 376 2163 jubent3
392 2102 475 2148 retinet
485 2100 604 2161 longaevur
615 2101 726 2162 haruspex

8 2716 18 2757 45

79 2164 147 2214 Fata
158 2180 258 2212 canens:
277 2165 300 2212 0
312 2165 421 2213 Maeoniae
433 2165 519 2212 delecta
525 2168 641 2226 Juventus,
708 2169 758 2213 499

80 2229 143 2278 Flos
156 2238 260 2287 veterum
272 2231 387 2292 virtusque
397 2232 478 2286 virum,
487 2232 626 2294 quosjustus
636 2231 660 2278 in
669 2231 757 2278 hostem

83 2293 145 2342 Fert
157 2295 229 2348 dolor,
241 2304 264 2342 et
275 2294 354 2343 meriti
365 2297 468 2343 accendit
479 2296 612 2343 Mezentius
621 2294 668 2353 irri;

83 2359 155 2407 Nulli
166 2359 202 2406 fas
213 2358 273 2407 Italo
283 2358 516 2423 tuntam'subjungere
527 2369 634 2422 gentem3
693 2394 695 2397 v

82 2423 209 2472 Externos
219 2432 296 2486 optate
307 2426 389 2473 duces.v
413 2425 437 2472 T
437 2441 475 2472 um
487 2425 585 2473 Etrusca
597 2425 679 2471 resedit

86 2487 146 2536 Hoc
157 2490 219 2537 scies
229 2505 316 2552 cumpo,
327 2491 419 2538 monitis
429 2492 537 2538 exterrita
547 2489 645 2537 Divum.

86 2551 144 2615 Ipse
156 2563 259 2602 oratores
269 2556 298 2602 ad
307 2572 345 2604 me
355 2557 465 2618 segnique
476 2570 582 2602 coronam

90 2616 154 2667 Cum
165 2624 255 2682 sceptro
265 2621 334 2678 misit,
345 2621 483 2681 manditque
493 2619 592 2680 insignia
601 2614 699 2669 Tarcho,
754 2648 757 2653 ·
