1709 2925
262 121 428 171 AENEIDOS
445 122 498 171 Lar.
509 121 559 172 III.
696 133 740 179 147

63 253 167 302 Servilio
179 253 264 309 enixus
276 255 385 311 tulimus3
401 254 440 315 qni
450 255 537 310 deiude,
548 264 640 305 secutus

63 317 177 366 Ledaeam
188 317 334 366 Hermionen
343 319 574 382 lacedaemoniosque
581 321 733 383 Hymenaeon,

63 381 110 432 Me
128 383 219 496 samdqlnq
235 383 388 445 famulamque
407 384 500 432 Heleno
515 388 640 435 transmisit
658 389 742 437 habess-

64 513 114 560 Ast
123 515 197 571 illum,
207 483 291 577 eieptae
302 529 386 577 magno
396 514 549 563 inflammatus
560 532 636 566 amore
693 524 743 568 330

66 576 190 643 Conjugis,
203 587 227 627 et
239 581 347 627 scelerum
359 579 423 626 furiis
434 581 539 642 agitatus,
551 581 644 631 Orestes

65 643 163 707 Excipit
173 646 297 700 incautum,
309 646 437 706 patriasque
447 648 565 693 obtruncat
575 648 604 694 ad
613 663 671 696 aras·

65 708 149 757 Morte
160 709 308 772 Neoptolemi
319 725 442 772 regnorum
454 711 541 757 reddita
551 713 618 759 cessit

66 773 128 821 Pars
140 774 248 833 Heleno;
266 776 304 836 qui
317 773 433 822 Chaonios
443 775 581 838 cognomine
590 793 689 840 campos,

68 838 243 901 Chaoniamque
252 855 343 886 omnem
353 839 455 903 Trojano
465 856 479 888 a
491 839 585 889 Chaone
596 842 659 898 dixit,

65 904 228 968 Pergamaque
240 904 377 966 Iliacamque
382 907 448 968 jugis
458 907 516 952 hanc
526 906 611 953 addidit
620 922 703 955 arcem

65 970 116 1017 Sed
127 971 164 1016 tihi
173 971 212 1031 qui
223 985 314 1017 cursum
326 971 396 1024 venti,
407 986 459 1030 quae
468 970 515 1018 lata
525 970 624 1019 dedite?
693 1012 697 1019 .
716 978 720 995 ¹

67 1036 119 1081 Aut
129 1036 235 1097 quisnam
244 1036 348 1096 ignarum
360 1036 444 1082 nostris
455 1035 522 1082 Deus
528 1039 614 1098 appulit
625 1039 689 1085 oris?

67 1099 132 1153 Quid
142 1116 199 1162 puer
208 1100 340 1146 Ascanius?
356 1108 483 1162 superatne,
494 1108 518 1148 et
527 1103 626 1150 vescitur
636 1103 707 1151 auri?

66 1164 144 1219 Quem
156 1166 197 1211 tibi
204 1166 253 1226 Jam
263 1164 334 1228 Troja
691 1175 740 1218 340

66 1228 150 1291 Ecqua
161 1238 238 1277 mmen
248 1246 318 1292 puero
329 1238 364 1276 est
373 1231 465 1278 smissae
475 1246 529 1279 cura
540 1234 658 1293 parentis?

65 1293 159 1356 Ecquid
169 1296 194 1341 in
204 1297 319 1356 antiquam
330 1296 437 1342 virtutem
449 1297 579 1358 animosque
590 1299 666 1347 viriles

64 1357 103 1408 Et
140 1368 178 1408 ter.
186 1360 275 1407 AEneas
286 1368 309 1408 et
319 1361 445 1408 avunculus
455 1363 540 1409 excitat
550 1361 657 1410 Hector?

123 1427 167 1474 alia
175 1425 284 1475 fundebat
293 1426 427 1489 lacrymans,
438 1427 565 1490 longosque
575 1429 648 1478 ciebat

66 1489 187 1540 Incassum
199 1491 282 1550 fletum
299 1508 351 1539 curn
362 1507 412 1539 sese
423 1508 437 1540 a
447 1496 560 1543 moenibus
570 1496 637 1543 heros

65 1556 195 1605 Priamides
205 1558 282 1604 multis
293 1557 400 1605 Helenus
406 1560 566 1607 comitantibus
576 1560 648 1618 affert,

69 1622 229 1686 Agnoscitque
238 1638 298 1679 suos,
308 1623 420 1685 laetusque
429 1625 458 1670 ad
467 1626 546 1672 limina
556 1626 626 1683 ducit,

67 1687 102 1736 Et
113 1689 209 1735 multum
219 1688 332 1748 lacrymas
341 1690 410 1736 verba
420 1689 479 1736 inter
490 1690 581 1752 singula
590 1691 673 1738 fundit.

67 1752 180 1809 Procedo,
192 1760 215 1799 et
226 1768 316 1814 parvam
328 1752 428 1815 Trojam,
441 1754 589 1816 simulataque
599 1757 690 1817 magnis

68 1817 190 1881 Pergama,
201 1827 224 1864 et
235 1827 334 1865 arentem
347 1818 435 1865 Xanthi
446 1820 584 1881 cognomine
594 1820 667 1867 nsum
688 1822 739 1870 ³⁵0

67 1884 185 1946 Agnosco,
199 1883 314 1944 Scaeaeque
324 1884 449 1945 amplector
458 1885 536 1931 limina
546 1891 626 1945 portae.

66 1947 165 1995 Necnon
178 1955 201 1995 et
210 1946 294 1994 Teucri
304 1946 366 1995 socii
376 1949 445 1995 simul
454 1950 510 1995 urhe
516 1948 629 1997 fruuntur.

68 2010 124 2060 illos
133 2013 254 2076 porticibus
264 2027 305 2059 rex
315 2015 437 2076 accipiebat
446 2013 471 2059 in
482 2013 569 2075 amplis.

67 2078 137 2125 Aulai
147 2080 170 2124 in
182 2078 256 2124 medio
266 2078 364 2125 libabant
373 2079 455 2141 pocula
464 2078 556 2135 Bacchi,

1 2199 3 2208 x
67 2141 102 2189 lm
134 2144 185 2190 sitis
194 2157 248 2189 auro
259 2143 357 2205 dapibus,
368 2151 500 2205 paterasque
509 2145 623 2194 tenebant.

3 2217 4 2224 ¹
115 2223 196 2270 amque
207 2209 260 2263 dies,
273 2209 373 2270 alterque
383 2209 431 2255 dies
441 2212 567 2271 processit;
584 2218 608 2258 ot
617 2227 680 2261 aurae

68 2270 126 2321 Vela
136 2281 225 2329 vocant,
236 2274 367 2335 tumidoque
377 2273 469 2321 inflatur
479 2276 582 2324 carbasus
593 2277 687 2326 Austro.

1 2373 6 2404 q
69 2336 114 2385 His
125 2345 201 2386 vatem
212 2340 332 2401 aggredior
343 2340 414 2394 dictis,
426 2355 453 2386 ac
465 2341 517 2388 talia
527 2357 619 2403 quaeso:

71 2400 205 2466 Trojugens,
216 2405 325 2466 interpres
336 2403 432 2459 Divom,
443 2408 482 2466 qui
494 2409 586 2454 numina
598 2407 686 2461 Phoebi,

72 2467 115 2522 Qui
126 2469 231 2532 tripodas,
244 2466 314 2517 Clarii
324 2468 405 2525 lauros,
418 2471 456 2531 qui
467 2472 539 2518 sidera
550 2474 627 2526 sentis,
686 2474 737 2517 ³60

3 2555 9 2594 ς
71 2531 102 2580 Et
112 2534 227 2582 volucrum
237 2534 335 2595 linguas,
347 2540 371 2580 et
380 2537 485 2598 praepetis
496 2538 572 2583 omina
581 2547 670 2596 pennae,

8 2645 9 2652 ἵ
74 2594 127 2648 Fare
142 2614 187 2661 age
207 2599 316 2663 (namque
336 2614 427 2647 omnem
445 2615 536 2647 cursum
554 2599 610 2645 mihi
631 2610 738 2659 prospera
