1709 2925
160 131 192 180 ln
338 123 526 177 GEORGICA·
542 124 595 173 Lrs.
605 123 657 172 111,

156 258 280 310 Ardebant,
292 255 379 317 ipsique
389 272 452 313 suos,
458 256 507 318 jam
518 261 592 304 morte
603 257 645 304 sub
655 254 725 320 aegri,

172 322 205 369 Di
215 321 307 369 meliora
318 322 367 381 piis,
379 337 523 383 erroremque
533 322 634 369 hostibus
646 322 710 369 illum
717 321 738 380 l)

185 388 274 435 'sobsos
284 385 351 433 nudis
361 386 474 433 inniabant
484 387 587 433 dentibus
598 396 667 435 artus.

155 451 220 501 Ecce
231 458 306 498 sutem
317 452 374 498 duro
384 450 474 499 fumans
485 452 526 498 sub
536 467 629 499 vomere
638 460 719 499 taurus

157 514 270 571 Concidit,
282 524 306 563 et
316 518 412 564 mixtum
423 518 509 579 spumis
519 517 592 564 vomit
602 532 642 563 ore
653 532 766 574 cruorem,

156 580 325 643 Extremusque
335 583 380 628 ciet
389 582 495 644 gemitus.
524 580 547 628 It
558 581 629 628 tristis
638 589 722 638 arator,

156 646 297 695 Moerentsm
308 647 433 709 abiungens
442 645 542 694 fraterni
552 655 626 693 morte
631 648 759 710 juvencum
767 663 775 705 ς

156 713 235 773 Atque
246 727 313 775 opere
322 714 346 759 in
357 713 432 760 medio
443 711 516 759 defixa
526 712 616 772 reliquit
626 719 708 759 aratra.
776 715 824 760 519

155 775 213 824 Non
224 778 309 826 umbrie
320 778 417 825 sitorum
428 792 553 829 nemorum,
565 792 612 825 non
622 778 700 824 mollia
712 785 806 839 possunt

156 840 226 889 Prata
236 858 328 890 movere
337 843 444 897 animum,
456 857 509 897 non,
519 842 558 904 qui
569 858 610 903 per
620 858 674 889 ssxs
683 843 778 890 volutus

156 905 240 954 Purior
250 908 335 959 electro
346 922 449 969 campum
460 908 517 969 petit
527 909 613 954 amnis:
633 907 713 954 etima

155 971 280 1020 Solvuntur
289 972 365 1026 lntern,
378 979 446 1032 utque
455 973 533 1019 oculos
545 980 622 1034 stupor
634 980 700 1033 urget
711 973 801 1028 inertes,

154 1037 194 1088 Ad
205 1046 332 1097 terramque
343 1036 393 1083 fluit
403 1037 492 1083 devexo
503 1038 601 1098 pondere
612 1038 696 1085 cervix.

156 1102 219 1156 Quid
228 1102 297 1157 labor,
306 1109 345 1148 sut
352 1100 469 1150 benefan
474 1101 573 1163 juvant?
589 1102 642 1161 quid
650 1118 744 1150 vomere
755 1112 822 1150 terras

155 1164 280 1214 Invertisse
290 1166 390 1228 graves?
406 1168 467 1226 utqui
479 1181 525 1212 non
537 1167 638 1213 Massica
648 1166 736 1214 Bacclri

155 1230 261 1287 Munere,
275 1247 320 1280 non
331 1231 375 1279 illis
386 1231 459 1293 epulae
470 1229 568 1278 nocuere
578 1229 687 1293 repdstae:

154 1295 282 1348 Frondibus
293 1304 316 1343 et
326 1298 387 1344 victu
398 1304 521 1358 poscuntur
532 1297 639 1359 simplicis
650 1298 741 1355 berbae;

154 1360 242 1408 Pocula
252 1371 305 1414 sunt
316 1360 390 1408 sontes
401 1361 488 1421 liquidi,
500 1368 566 1421 atque
576 1362 675 1408 exercita
685 1378 753 1410 cursu

154 1424 268 1483 Flumine,
280 1442 321 1474 neo
331 1442 424 1475 somnos
435 1427 547 1489 abrumpit
556 1442 611 1474 curs
621 1426 727 1476 salubres
774 1430 820 1476 580

154 1489 271 1553 Tempore
281 1507 327 1538 non
339 1493 383 1539 nilo
393 1492 472 1541 dicunt
483 1493 611 1554 regionibus
621 1493 666 1539 illis

154 1555 270 1612 Quaesitss
279 1556 309 1609 nd
320 1572 383 1609 sacre
393 1558 463 1605 boves
473 1556 491 1606 J
492 1558 579 1614 unouis,
591 1567 614 1604 et
625 1559 672 1605 uris

153 1619 280 1684 Impnribus
290 1621 371 1670 ductos
381 1622 427 1669 nlts
437 1623 466 1669 nd
477 1623 569 1670 donorio
579 1638 666 1671 currus.

153 1686 220 1749 Ergo
232 1702 294 1750 segre
305 1687 382 1734 rustris
393 1695 476 1734 terrum
487 1689 602 1743 rimantur,
614 1695 638 1735 et
649 1689 703 1751 ipsis

152 1751 277 1814 Unguibus
287 1752 400 1799 infodiunt
409 1752 494 1815 fruges,
505 1761 639 1816 montesque
649 1755 758 1815 perditos

152 1816 270 1867 Contenti
280 1819 368 1865 cervice
378 1819 471 1865 trahunt
481 1819 598 1866 stridentis
608 1819 713 1881 plaustra.

150 1881 209 1930 Non
220 1884 286 1944 lupus
296 1883 388 1932 insidias
398 1884 500 1945 explorat
511 1884 579 1930 ovilis
589 1884 680 1938 circum,

150 1946 204 2001 Nec
214 1950 322 2010 gregibus
332 1957 457 1996 nocturnus
468 1949 594 1996 obambulat
600 1967 608 2007 ς
624 1950 699 1997 serior
708 1950 771 1997 illurn

149 2010 215 2060 Cura
225 2013 309 2060 domat.
331 2012 415 2061 'limidi
426 2014 499 2060 demae
510 2015 615 2074 cervique
625 2012 719 2076 fugaces

149 2074 221 2123 Nunc
231 2078 335 2138 interque
345 2094 413 2130 osnes
423 2086 448 2125 et
457 2078 614 2129 circumtecta
624 2088 742 2142 vagantur.
770 2079 813 2126 54⁰

149 2137 204 2191 Jsm
215 2143 283 2188 maris
294 2143 398 2189 immensi
408 2142 501 2205 prolem,
509 2150 533 2190 et
539 2159 613 2205 genus
620 2159 689 2194 omns
696 2143 811 2196 nutantum.

150 2205 232 2253 Litore
243 2206 265 2252 in
277 2213 386 2260 extremo,
398 2223 439 2254 ceu
448 2207 559 2269 naufrago
568 2224 669 2270 corpora,
681 2209 762 2260 linctus

151 2269 255 2326 Proluit;
271 2271 370 2325 insolilae
380 2270 472 2332 fugiunt
482 2273 505 2322 in
517 2271 610 2319 llumins
621 2275 708 2336 phocae.

149 2332 234 2381 Interit
244 2341 267 2380 et
278 2336 353 2389 curvis
363 2334 446 2388 frustra
457 2335 549 2383 defensa
558 2337 649 2385 latebris

149 2397 243 2460 Vipera,
254 2406 278 2445 et
289 2400 378 2445 attoniti
389 2401 487 2461 squamis
497 2402 636 2448 adstantibus
647 2402 722 2463 hydri.

149 2461 211 2525 Ipsis
221 2471 255 2510 est
266 2462 304 2509 air
314 2463 392 2510 avibus
403 2480 449 2511 non
461 2480 545 2526 aequus,
557 2476 581 2512 et
591 2466 637 2514 illae

149 2526 282 2589 Praecipites
293 2526 338 2574 ulti
349 2528 418 2574 vitum
429 2529 471 2575 sub
481 2531 540 2576 nube
551 2531 690 2590 relinquunt.

149 2590 264 2639 Preteres
269 2593 319 2654 Jnm
331 2607 372 2639 nec
383 2594 466 2639 mutari
476 2595 556 2654 pabula
567 2594 642 2650 refert,

148 2654 305 2724 Quaesitisque
315 2665 399 2706 nocent
408 2665 483 2716 rutes5
500 2657 588 2709 cessim
598 2660 709 2731 magistri
