1709 2925
127 127 177 178 286
316 125 486 178 AENEIDOS'
497 126 550 176 Iun
562 127 609 177 IX.

129 258 163 307 Et
174 271 261 306 mecum
272 257 377 321 ingentes
387 253 439 306 ores
449 259 548 308 evolvite
557 260 617 306 belli.

128 320 183 388 [En
191 322 323 451 mernirpistis
341 324 409 381 enim,
429 323 508 379 Dirae,
527 332 550 371 et
571 338 700 373 memorare
720 334 802 390 potu.

206 401 209 408 ⁴
226 388 263 434 tis.

160 450 241 499 Turris
251 460 300 498 eret
309 458 374 499 vasto
385 462 498 515 suspectu,
509 461 532 501 et
542 454 649 516 pontrirus
658 454 719 512 aitis,
749 462 800 505 5³0

128 513 264 579 Opportuna
273 515 341 575 lcco;
359 519 452 564 summis
462 533 529 581 quum
540 519 624 565 viribus
636 534 720 568 omnes

129 579 270 644 Expugnare
280 579 340 636 Ituii,
352 579 483 644 summique
493 594 595 631 evertere
605 599 674 646 opum
686 586 711 632 vi

130 644 268 703 Certabunt3
285 645 358 694 Trois
369 654 448 694 contra
457 646 578 696 defendere
588 649 656 702 sexis,

129 707 219 773 Perque
230 726 297 759 curus
308 712 370 759 densi
381 712 426 759 teis
436 713 565 774 intorquere
574 712 694 761 fenestras.

129 774 240 840 Princeps
249 778 364 824 ardentem
375 777 471 840 conjecit
481 778 582 840 lampedo
592 776 694 832 Turnus,

130 839 165 889 Et
174 840 288 889 flernmum
299 842 371 889 affixit
380 842 461 898 luteri3
478 857 529 904 qnae
539 842 634 904 plurime
645 850 717 891 vento

130 904 247 969 Corripuit
257 906 351 964 tubulus,
363 912 386 953 et
396 907 498 968 postibus
508 907 574 955 haesit
583 908 665 954 oderis.

130 970 224 1019 Turbati
236 972 349 1033 trepidare
355 972 423 1028 intus,
435 971 562 1033 frustraque
571 972 683 1018 mulorum

128 1034 196 1083 Velle
211 1034 297 1098 iugum.
340 1034 405 1082 Dum
421 1052 447 1084 se
466 1037 600 1100 glomerent,
617 1043 724 1099 retroque
739 1040 794 1085 resi-

226 1101 281 1148 dunt
749 1107 796 1151 589

128 1163 159 1213 Iu
169 1171 263 1228 purtem,
274 1180 325 1227 quae
335 1173 399 1229 peste
409 1174 487 1225 caret3
503 1174 552 1215 tum
562 1166 663 1230 pondere
673 1168 744 1216 turris

31 1229 36 1234 ’
129 1229 253 1278 Procubuit
264 1232 343 1287 subito,
355 1240 379 1279 et
388 1233 472 1279 eoelum
483 1240 547 1280 toust
557 1247 625 1279 omne
634 1232 735 1296 fragore.

129 1295 259 1344 Semineces
269 1297 297 1343 cd
308 1304 397 1353 terram,
408 1298 502 1344 immani
512 1297 572 1344 mole
582 1295 667 1355 securri,

128 1358 266 1422 Coufixique
276 1362 324 1407 suis
334 1362 391 1416 telis.
402 1369 425 1408 et
436 1368 528 1424 pectore
538 1363 594 1409 duro

128 1422 340 1491 Trunssossiligno,
352 1427 454 1475 veniunt.
486 1426 535 1474 Vix
545 1442 603 1475 unus
615 1425 721 1476 Helenor

128 1488 164 1539 Et
175 1488 253 1551 Lycus
263 1490 348 1553 elapsi;
365 1507 461 1553 quorum
471 1493 594 1555 primoerus
605 1491 717 1551 Helenor,

128 1554 234 1604 Maeouio
244 1556 293 1618 regi
304 1570 371 1616 quem
382 1573 448 1604 servu
459 1556 580 1618 Licymnia
589 1556 667 1604 turrim

130 1620 263 1674 Sustulerat,
274 1621 394 1682 vetitisque
405 1623 434 1669 ad
444 1620 537 1684 Trojsm
548 1623 640 1669 miserat
650 1623 735 1681 ermis3

127 1684 193 1736 Ense
203 1685 259 1751 levis
270 1686 337 1740 nudo,
347 1684 469 1749 pennisque
479 1687 588 1750 inglorius
598 1685 656 1734 dot.

127 1749 199 1812 Isque
209 1751 246 1798 ubi
258 1767 282 1798 se
293 1749 366 1797 Turni
377 1752 451 1798 media
460 1754 520 1798 inter
530 1752 600 1798 millis
609 1752 673 1806 vidit,

128 1815 194 1863 Hinc
205 1817 270 1872 ecies,
281 1823 348 1877 utque
358 1815 411 1863 hinc
422 1816 482 1863 ecies
492 1816 580 1862 adstare
590 1815 686 1864 Latinos
692 1833 701 1876 ;
744 1817 793 1866 550

128 1879 165 1928 Ut
175 1880 229 1937 serr,
241 1896 298 1942 quse,
312 1878 382 1928 deusd
390 1880 514 1929 venantum
525 1887 589 1943 septe
599 1879 690 1937 cornui,

129 1943 218 1993 Contra
227 1946 273 1993 tels
284 1945 346 2001 furit,
357 1961 450 2007 seseque
460 1946 519 1992 haud
530 1946 606 1993 nescis
616 1948 685 1994 morti

127 2006 212 2072 Iopen,
220 2019 244 2057 et
254 2011 312 2058 cuitu
323 2024 389 2073 supra
399 2011 510 2058 venabula
519 2010 592 2057 fertur
597 2028 606 2068 ς

127 2072 200 2121 Haud
210 2074 275 2121 eliter
280 2077 372 2138 juvenis
383 2076 469 2124 medios
479 2077 602 2123 moriturus
611 2077 635 2122 in
645 2076 725 2124 hostes

126 2136 204 2192 irruit,
216 2145 245 2193 et,
257 2138 301 2201 qui
311 2140 356 2187 tels
367 2141 428 2188 ridet
439 2141 577 2196 densissima,
589 2140 670 2187 tendit.

127 2202 163 2251 At
172 2202 264 2264 pedibus
275 2203 344 2265 longe
354 2206 435 2252 melior
445 2204 529 2267 Lycus,
540 2207 600 2252 inter
610 2212 633 2252 et
643 2205 728 2261 hostes,

127 2266 192 2315 Inter
203 2276 227 2313 et
237 2282 305 2321 armo,
316 2267 371 2331 fugis
381 2285 459 2316 muros
470 2278 538 2325 tenet,
549 2270 639 2331 ultaque
649 2278 722 2316 certat

128 2331 244 2382 Prendere
254 2338 314 2378 tectu
324 2348 399 2389 manu,
411 2335 541 2396 sociquue
551 2336 663 2397 attingere
673 2335 778 2383 dextrm

128 2397 204 2452 Quem
216 2395 314 2450 Turnus,
328 2399 411 2459 puriter
421 2414 487 2444 cursu
498 2400 588 2460 teloque
598 2407 696 2453 secutus,

126 2460 233 2523 Increpet
242 2462 278 2507 his
289 2462 374 2508 vietor:
395 2461 522 2510 Nostraene
532 2464 636 2522 evadere,
647 2464 747 2519 demens,

127 2524 226 2586 Speristi
238 2533 260 2572 te
270 2540 339 2587 posse
348 2526 447 2573 manus?
464 2528 530 2574 simul
541 2528 617 2590 arripit
628 2529 702 2589 ipsum
742 2530 786 2577 561

126 2587 273 2648 Pendentem,
285 2596 308 2637 et
318 2587 401 2654 magui
411 2592 471 2638 muri
481 2607 533 2642 cum
544 2601 608 2656 porte
619 2592 726 2651 revellit3
