1709 2925
205 103 395 157 GEORGICA.
411 106 498 158 Las.
652 109 691 164 'st

28 226 56 277 Et
65 243 175 294 suspensa
183 227 242 278 focis
253 230 356 293 exploret
367 229 448 278 robore
456 228 540 281 fumus.

54 294 151 344 Possum
163 296 237 344 multe
246 296 287 344 tui
297 302 400 343 veterum
410 304 524 360 praecepts
535 297 625 361 referre,

26 356 54 406 tu
64 362 157 425 refugis,
170 369 295 422 tenuesque
305 360 368 423 piget
378 375 516 423 cognoscere
526 378 599 414 cures.

26 425 80 474 Ares
90 442 145 475 cum
157 427 237 489 primis
248 426 337 488 ingenti
348 426 458 486 sequendo
468 426 577 488 cylindro,

26 487 54 536 Et
63 493 176 540 vertenda
185 506 261 547 msuu,
273 497 297 537 et
307 487 369 538 oreti
379 491 494 540 solidanda
504 497 595 554 tensei3

26 551 58 602 lle
66 558 168 604 subeunt
178 557 261 611 herbo),
272 569 317 603 ueu
329 555 494 617 pulvererviets
502 557 609 620 fstisest3
646 565 695 611 180

24 616 77 667 Tun
87 623 164 669 vsriae
175 621 271 668 illudunt
280 627 371 683 pestes:
390 635 452 683 saepe
462 636 559 685 ugnus
569 640 621 674 mus

25 682 65 731 Sub
74 688 145 734 terris
156 686 280 748 posuitque
289 686 377 740 domos,
388 693 457 746 utque
466 687 548 736 horres
556 690 629 751 leoitg

23 748 66 797 Aut
76 752 151 798 oeulis
165 751 225 812 cepti
235 748 314 798 fodere
325 749 500 812 eoban-talpa

23 810 181 877 Iuventusque
191 816 254 862 cavis
263 814 325 869 bufo,
335 821 360 861 et
370 829 422 875 quae
433 815 530 877 plurime
540 824 608 867 term

22 875 123 928 Monstra
130 881 227 937 serunt3
244 880 380 942 populatque
387 879 410 925 iu
444 889 505 928 utem
513 880 579 931 furris
585 899 692 937 seersum

22 940 132 1001 Curculio,
144 952 215 1006 etque
226 945 286 1007 inopi
297 951 401 991 metuens
421 946 507 993 ormies
516 957 622 999 senectus.
708 961 715 968 ·

49 1007 148 1059 Contem
165 1010 226 1057 letor
236 1011 298 1064 item,
309 1024 362 1056 oum
374 1024 399 1055 se
409 1024 457 1056 nux
466 1010 563 1072 piurima
574 1015 637 1064 silvis

22 1070 100 1123 induet
110 1077 135 1123 in
147 1026 239 1128 dorem,
250 1081 274 1122 et
284 1089 359 1121 ramos
370 1075 472 1122 curvabit
483 1075 582 1127 olentes:

21 1136 43 1184 Si
53 1148 160 1204 superent
171 1139 238 1194 fetus,
249 1139 332 1201 puriter
341 1137 455 1187 frumento
466 1151 594 1202 sequentur,

20 1201 150 1268 Magnaque
161 1220 215 1252 etun
227 1217 313 1266 magno
323 1204 399 1251 veniet
409 1204 489 1252 tritura
499 1207 590 1266 celote3
645 1214 693 1261 190

20 1268 50 1315 At
60 1272 78 1317 si
89 1269 184 1318 luxurio
193 1269 300 1318 foliorum
312 1270 419 1316 exuberat
430 1271 515 1327 umbra,

20 1331 178 1398 Nequidquam
189 1335 288 1396 pingues
298 1332 363 1396 palei
371 1341 432 1381 teret
442 1350 494 1382 aree
503 1336 597 1387 culmos.

48 1400 139 1448 Semina
150 1399 199 1447 vidi
211 1400 315 1461 equidem
326 1399 410 1446 multos
421 1399 532 1449 mediesre
542 1411 650 1464 serentes,

19 1460 50 1512 Et
59 1468 117 1515 uitro
127 1468 195 1530 prius
207 1472 231 1513 et
242 1462 309 1527 nigri
318 1464 453 1526 perfundere
463 1465 570 1527 arnurci3

20 1529 130 1580 Grmdior
141 1537 169 1579 ut
180 1529 243 1578 fetus
254 1530 342 1591 siliquis
352 1529 469 1577 seducibus
479 1540 556 1590 esset3

19 1590 55 1655 Et,
66 1596 171 1658 quamvis
183 1594 233 1659 igni
244 1594 336 1656 exiguo,
346 1600 465 1656 properate
474 1596 600 1647 moderent.

20 1657 68 1709 Vidi
78 1663 139 1711 lecte
150 1660 197 1716 diu,
209 1665 234 1708 et
245 1659 318 1705 multo
330 1664 430 1723 speotsts
439 1659 523 1716 labore,

19 1722 165 1789 Degenerare
176 1733 262 1780 temen,
274 1724 298 1770 ni
308 1724 345 1771 vis
352 1725 452 1771 humens
461 1728 584 1786 quotannis

19 1788 118 1840 Msxims
129 1805 230 1853 quaeque
241 1804 310 1836 mauu
321 1788 408 1851 legeret
414 1806 422 1847 3
441 1790 473 1836 sie
484 1793 561 1839 omnis
570 1791 625 1841 fotis

19 1852 45 1902 lu
54 1858 117 1920 pejus
128 1870 203 1911 ruere,
214 1869 242 1903 so
253 1862 315 1902 retro
326 1854 432 1917 sublspss
441 1853 535 1913 reserri3
642 1862 692 1911 200

20 1918 70 1968 Nou
80 1922 152 1976 sliter,
163 1935 234 1982 quum
248 1920 287 1981 qui
297 1920 393 1967 sdverso
402 1921 444 1965 vix
454 1917 549 1967 flumine
559 1920 657 1974 lembum

18 1982 128 2050 Reuipiis
138 1985 243 2048 subigit;
261 1985 280 2032 si
290 1984 382 2032 brachie
390 1983 451 2030 forte
461 1984 556 2041 remisit,

18 2050 90 2114 Atque
98 2051 164 2098 illum
175 2051 200 2097 iu
210 2063 318 2114 prteoeps
327 2063 401 2112 prono
411 2048 470 2110 repit
480 2047 558 2097 slveus
568 2053 636 2103 unul.

45 2115 161 2164 Praetereu
171 2122 219 2162 tem
235 2121 290 2162 sunt
300 2114 394 2161 Arcturi
404 2112 477 2160 sidere
487 2115 552 2162 nobis

19 2178 188 2242 Hredorumque
200 2179 252 2228 dies
263 2178 367 2227 servandi
377 2184 402 2225 et
411 2177 499 2226 lucidus
510 2179 608 2243 Anguis,
678 2210 680 2213 v

20 2244 91 2301 Qum
101 2245 192 2307 quibus,
203 2246 231 2291 in
241 2245 338 2307 putrium
348 2248 445 2290 ventose
453 2258 494 2306 per
505 2259 597 2305 aequors
604 2251 682 2308 vectis,

20 2308 102 2358 Pontus
113 2316 137 2357 et
149 2309 250 2357 ostriferi
260 2307 338 2357 fsuoes
349 2314 465 2355 tententur
475 2308 561 2370 Abydi.

20 2371 84 2424 hun
92 2375 130 2423 die
142 2376 266 2436 somnique
275 2387 342 2438 peres
352 2373 390 2420 ubi
400 2371 480 2420 leserit
488 2374 563 2428 hores,

21 2436 50 2488 Ilt
58 2441 156 2488 medium
167 2439 217 2488 luti
229 2445 300 2501 etque
310 2437 395 2485 umbris
400 2438 450 2500 jum
460 2437 540 2484 dividit
550 2438 627 2485 orbem
633 2453 642 2493 3

14 2502 134 2567 [Exercete
146 2506 202 2560 viri,
215 2511 311 2560 tsuros;
329 2501 397 2550 serite
407 2501 491 2549 hordeo
501 2501 594 2561 eampis,
644 2501 698 2545 210

21 2568 93 2634 Usque
103 2571 150 2620 sud
167 2576 297 2618 extremum
307 2568 395 2614 brumse
404 2564 550 2613 intrectabilis
560 2561 670 2618 imbremt

21 2632 67 2687 lieo
76 2651 122 2688 uou
139 2642 168 2685 et
177 2635 219 2686 lini
229 2639 333 2700 segetem
344 2637 368 2680 et
378 2627 474 2682 Cereale
482 2637 582 2689 paperes

485 2704 503 2738 s
