1709 2925
77 49 86 60 '
121 84 155 129 o
304 75 494 132 ononcncn
507 75 608 129 nnn

121 209 268 274 Exspectant,
279 216 304 258 et
313 211 366 258 viss
377 210 417 259 sud
426 211 537 275 plantario
547 208 622 268 terri3

98 293 102 304 ·
121 274 165 323 Nil
174 275 254 323 radicis
263 282 333 338 egent
343 275 410 334 slioe3
426 291 585 338 summumque
594 281 686 339 putator

121 339 193 388 Hsud
204 340 290 387 dubius
299 347 367 389 terrae
376 340 476 389 referem
483 342 590 389 mndcre
600 354 717 388 cemmen.

121 404 186 460 Quin
197 412 220 456 et
230 404 356 452 caudicibus
367 407 435 453 sectis
447 406 558 469 (mirabile
568 402 640 466 dictu)
760 410 800 455 30

120 468 229 517 Truditur
240 484 254 515 e
264 470 324 516 sicco
335 470 399 517 radix
408 470 512 533 olesgins
521 471 593 533 ligno.

120 532 156 583 Et
166 549 227 597 sepe
238 534 329 582 ulterim
340 550 414 583 mmos
424 536 515 599 impone
526 535 628 582 videmus
728 542 733 548 ’

121 597 218 646 Vertere
228 599 252 645 in
263 600 362 658 alterius,
374 607 528 661 mutatamque
538 601 606 647 insita
615 598 675 647 mels

120 662 192 713 Ferre
199 665 279 727 pirum,
291 671 315 712 et
324 664 403 726 prunis
413 665 513 727 lapidosa
523 665 640 712 rubescere
651 678 727 712 corun.

155 729 233 783 Quare
275 730 306 776 ‘te
314 746 335 785 o,
346 730 448 792 proprios
458 729 584 792 generatim
596 730 675 776 discite
684 731 769 786 cultus

121 744 282 856 Agricolas?
294 793 458 856 ctusqueleros
469 794 555 841 mollite
565 794 674 849 colendo;
788 847 790 850 ,

121 858 176 905 Neu
187 874 268 921 segnes
275 861 366 922 jaceant
376 865 451 906 terrae.
482 858 553 907 Juvat
564 856 650 906 Ismaro
661 858 755 905 Baccho

122 921 255 977 Conserere
267 932 334 984 atque
345 923 394 970 olei
404 938 512 986 magnum
524 924 607 970 vestire
617 922 759 972 Taburnum.

120 986 202 1050 Tuque
212 989 271 1044 ades,
283 989 441 1051 inceptumque
452 986 497 1035 und
508 988 601 1035 decurre
611 988 718 1042 laborem,
789 986 795 993 '

121 1052 143 1101 0
154 1053 228 1109 decus,
241 1068 255 1099 o
265 1052 333 1099 famae
343 1054 424 1100 merito
436 1067 487 1115 pers
496 1054 596 1099 maxims
606 1059 698 1107 nostrae,
756 1056 794 1101 40

120 1116 246 1173 Maecenss,
253 1116 378 1180 pelagoque
388 1119 468 1165 volans
476 1118 504 1165 dn
515 1118 566 1164 vela
576 1118 668 1179 petenti.

119 1181 176 1230 Non
187 1198 231 1245 ego
242 1190 324 1230 cuncte
333 1184 390 1230 meis
401 1183 505 1245 amplecti
515 1183 616 1246 uersibus
627 1188 696 1244 opto;

110 1245 183 1310 Non,
194 1248 249 1294 mihi
259 1248 279 1294 si
288 1247 375 1310 lingum
383 1254 473 1295 centum
486 1248 536 1300 sint,
548 1262 631 1308 oreque
641 1252 742 1303 centum,

120 1310 204 1359 Ferres
213 1327 274 1359 vox:
293 1313 353 1369 sdes,
364 1319 388 1361 et
397 1313 463 1376 primi
474 1312 526 1374 lege
532 1312 605 1359 litoris
615 1325 686 1358 ornm.

120 1375 150 1423 ln
161 1378 263 1423 munibus
274 1384 355 1437 terrae3
370 1392 417 1424 non
427 1378 464 1423 hic
475 1383 498 1423 te
509 1377 608 1424 carmine
617 1376 678 1432 ficto,
744 1411 749 1416 -

119 1442 197 1503 Atque
207 1456 247 1504 per
254 1441 360 1504 ambages
371 1448 394 1488 et
403 1442 474 1505 longe
484 1455 570 1497 exorsa,
581 1440 669 1489 tenebo.

153 1507 239 1568 Sponte
249 1504 289 1552 sud
297 1521 349 1567 quse
360 1522 385 1553 se
395 1507 477 1554 tollunt
488 1508 512 1553 in
522 1508 613 1554 luminis
625 1521 683 1564 ores,

120 1568 245 1617 Infecunds
255 1571 352 1631 quidem,
363 1571 403 1617 sed
413 1571 467 1619 laets
476 1579 500 1618 et
509 1571 577 1618 fortia
588 1578 699 1634 surgunt3

120 1635 210 1700 Quippe
221 1636 270 1682 solo
281 1641 360 1682 natura
371 1636 455 1684 subest.
486 1634 574 1684 Tamen
590 1636 640 1683 baec
653 1649 750 1698 quoque,
766 1637 789 1684 sl

216 1716 266 1762 qurs
352 1720 354 1723 ·
642 1736 644 1739 -

119 1763 214 1822 Inserst,
227 1775 266 1814 sut
276 1766 390 1814 scrobibus
400 1765 492 1814 mandet
503 1773 588 1814 mutata
598 1765 702 1820 subactis,
754 1767 790 1813 50

119 1829 232 1889 Exuerint
242 1831 368 1880 silvestrem
378 1832 485 1886 animum,
496 1832 603 1892 cultuque
612 1829 723 1891 frequenti

119 1893 149 1943 In
160 1911 311 1959 quascumque
321 1911 389 1944 voces
399 1904 458 1945 ortes
468 1896 528 1943 baud
538 1896 602 1942 tarda
612 1902 742 1957 sequentur.

119 1959 171 2007 Nec
182 1976 228 2008 non
239 1969 264 2008 et
274 1962 355 2008 sterilis
366 1976 417 2022 quae
428 1961 532 2023 stirpibus
543 1961 591 2009 exit
600 1961 628 2007 sb
638 1961 696 2019 imis,

119 2024 175 2073 Hoc
184 2024 258 2081 societ,
269 2040 353 2073 vncuos
364 2026 383 2073 si
394 2026 423 2073 sit
434 2027 521 2088 digesta
531 2041 572 2089 per
581 2040 662 2088 egros:

118 2088 189 2137 Nunc
200 2090 252 2136 nltae
262 2087 354 2137 frondes
364 2098 388 2136 et
398 2091 454 2137 rsmi
465 2091 543 2137 matris
553 2097 655 2154 opncsnt,

119 2151 281 2215 crescentique
291 2155 393 2201 adimunt
402 2154 469 2209 letus,
480 2163 592 2216 uruntque
602 2155 720 2203 terentem.

150 2218 210 2273 Jsm,
222 2233 274 2279 quae
285 2219 405 2266 seminibus
411 2220 479 2283 jactis
490 2235 514 2267 se
525 2221 615 2267 sustulit
626 2220 698 2276 srbos,

117 2281 194 2331 'Ilerda
204 2283 273 2338 venit,
283 2284 338 2330 seris
347 2281 435 2331 facturn
444 2285 562 2347 nepotibus
572 2285 689 2345 umbram

118 2348 383 2410 Pomsquedegenersnt
393 2349 658 2412 succosoblitnpriores3
830 2406 832 2411 ¹

118 2414 152 2461 Et
162 2421 238 2475 turpes
248 2413 326 2459 avibus
336 2413 435 2476 praedsm
445 2412 490 2460 lert
500 2429 545 2461 uva
556 2429 664 2462 racemos
754 2416 787 2462 60

118 2478 211 2525 Scilicet
221 2478 324 2525 omuibus
335 2486 370 2525 est
379 2478 442 2525 labor
452 2479 629 2558 impendendus;
647 2486 670 2527 et
680 2493 762 2527 omnes

118 2541 237 2604 Cogendae
246 2543 271 2589 in
282 2543 376 2597 sulcum,
387 2557 414 2589 sc
423 2543 495 2590 multa
504 2544 608 2592 mercede
617 2544 747 2594 domandae·

118 2606 165 2656 Sed
175 2608 260 2656 truncis
271 2608 329 2658 clete
336 2607 423 2666 melius,
434 2608 559 2673 propagine
568 2608 630 2658 sites
