1709 2925
214 114 380 177 AENEIDOS
396 115 527 167 Lqul'.
652 124 709 172 ὅθ

17 251 126 298 Summe
137 255 218 296 notent
227 249 346 311 pecudum,
356 249 485 310 paterisque
496 249 574 297 ulteria
584 249 665 299 libent.

16 315 89 363 Tum
102 316 156 376 pius
166 313 254 360 AEneon
264 315 343 360 stricto
353 315 387 361 uie
397 329 452 361 ense
463 324 581 375 precatur:

17 379 88 429 Esto
102 394 165 426 nune
177 378 217 426 Sol
227 379 292 426 testis
302 386 326 426 et
336 379 385 425 lraee
396 380 452 425 milii
462 378 535 426 Terra
545 380 644 437 vocuuti,

19 446 108 500 Quam
119 452 212 506 propter
223 450 298 491 tantos
308 444 371 507 potui
380 443 479 506 perferre
488 445 582 500 labores,

18 510 58 559 Et
72 509 147 557 Pater
158 509 307 571 omnipotens,
318 516 342 555 et
352 516 378 556 tu
390 509 495 556 Suturniu
505 508 575 566 Juno,
715 566 720 577 ·

17 575 78 626 Jarn
92 574 182 629 melior,
188 576 245 636 Jam,
254 573 323 628 Divr,
333 589 418 636 precor,
429 582 498 635 tuque
506 574 704 636 iuclytelltlavoru,

20 639 123 690 Cuncta
133 645 175 686 tuo
185 640 223 700 qui
233 638 298 697 belle,
310 646 379 700 puter,
392 640 434 687 nub
445 639 538 687 numine
544 646 635 701 torques
642 645 701 696 3180

19 704 170 765 Fonteuque,
180 702 319 765 Fluviosque
328 719 395 759 νοω,
404 719 501 765 quaeque
512 703 615 752 AEtheris
625 705 666 753 ulti

20 771 140 831 Relligio,
152 776 176 816 et
186 783 238 829 quae
249 769 348 816 coeruleo
360 775 413 816 nunt
423 770 517 817 numina
526 776 609 832 ponto..

21 835 133 884 cesserit
144 833 249 882 Ausonio
260 835 278 880 ui
289 833 336 881 sors
347 834 442 882 victoria
452 832 538 891 Turno,
568 859 570 863 π

22 900 149 950 Convenit
159 898 262 946 Euandri
272 900 346 946 victos
356 900 472 947 discedere
482 900 511 946 ud
522 901 614 957 urbem3

23 964 104 1014 Cedet
115 962 182 1011 Iulus
192 965 267 1027 agrium
285 979 328 1012 neo
338 973 390 1026 poet
400 979 463 1017 arma
474 965 519 1012 ulla
530 966 624 1013 rebelles

22 1030 143 1078 AEneudae
153 1028 258 1086 referent,
268 1029 359 1077 ferrove
369 1031 419 1076 liaeo
431 1045 501 1092 regua
511 1031 630 1080 lacessent.

24 1096 69 1143 Sin
81 1104 186 1142 nostrum
197 1095 302 1147 annuerit
311 1095 376 1141 nobis
388 1093 491 1142 Victoria
502 1094 609 1149 Martem,

24 1160 76 1223 (Ut
87 1160 166 1223 potius
176 1176 233 1214 reor,
245 1168 269 1208 et
278 1162 353 1223 potius
364 1159 399 1207 Dt
410 1160 502 1207 numine
512 1159 614 1222 firment)

24 1225 84 1272 Non
97 1242 143 1288 ego
153 1240 196 1281 nec
206 1224 302 1272 Teucris
313 1223 384 1273 Italos
395 1226 571 1288 purereJubebo,

23 1289 80 1337 Neo
92 1291 149 1337 milri
159 1306 230 1353 regnu
240 1298 308 1352 peto3
325 1291 416 1352 paribus
426 1306 452 1337 ue
461 1290 549 1353 legibus
560 1292 632 1339 umbe
650 1295 698 1341 190

25 1354 128 1402 lnuiotae
138 1364 219 1417 gentes
230 1356 348 1403 ueteruuin
359 1355 553 1403 loederamittunt,
687 1368 689 1373 ·

26 1421 99 1469 Socra
111 1419 221 1482 Deosque
231 1422 301 1469 delto:
320 1436 385 1470 socer
395 1436 458 1472 erma
467 1419 565 1470 Latinus
576 1422 673 1482 hubeto;

25 1484 156 1549 Imperium
167 1488 270 1534 sollenne
281 1503 359 1535 socer:
379 1488 434 1533 mihi
445 1488 530 1535 ruoenie
540 1486 625 1535 Teucri
640 1489 645 1494 ’

26 1550 185 1608 constituent,
198 1553 290 1613 urbique
300 1553 361 1602 dubit
371 1551 468 1600 lavinia
479 1568 570 1599 nomeu.

61 1618 101 1664 Sic
112 1617 174 1678 prior
185 1617 288 1665 AEneeu:
308 1618 408 1679 nequitur
419 1619 451 1665 uic
462 1619 543 1665 deiude
554 1616 658 1674 Latinus,

26 1682 161 1744 Suspicieus
171 1684 262 1736 ooelum,
273 1683 388 1744 tenditque
399 1683 426 1729 ud
436 1683 510 1729 sidere
520 1683 622 1729 dextrum
630 1700 645 1730 r»

26 1746 91 1795 Haec
102 1748 187 1804 eadem,
199 1748 282 1802 AEneu,
293 1747 395 1803 Terram,
408 1747 483 1803 Mare,
495 1748 579 1802 Sidere,
586 1748 648 1809 juro,

25 1812 171 1874 Lutonaeque
182 1827 256 1874 genua
265 1813 356 1875 duplex,
366 1812 495 1874 Junumque
505 1812 633 1868 bifrontem,

26 1875 130 1938 Vimque
142 1877 221 1925 Dellm
232 1877 343 1926 infernum
354 1887 378 1927 et
388 1879 438 1926 duri
450 1879 546 1925 sacraria
557 1876 636 1935 Ditie3

26 1943 115 1990 Audiat
122 1944 173 1990 lraee
185 1942 291 2002 Genitor,
302 1945 340 2006 qui
351 1943 438 1991 soederu
446 1943 542 1991 fulmine
553 1943 640 2001 mucit3

26 2006 112 2071 Tango
122 2023 189 2065 arue3
206 2009 293 2058 medior
303 2010 369 2072 ignee
380 2018 404 2056 et
414 2009 508 2055 numine
518 2014 589 2055 testor
598 2024 604 2054 r
648 2011 704 2058 201,

25 2070 100 2120 Nulla
111 2074 159 2120 dieu
169 2089 248 2136 paoem
259 2076 317 2122 herro
328 2073 399 2130 Italis,
410 2089 453 2120 nec
464 2073 550 2121 foedera
561 2080 657 2134 rumpet,

26 2138 82 2193 Quo
94 2154 240 2200 tescumque
250 2141 346 2197 cudeut3
364 2154 406 2186 neo
417 2155 455 2188 rue
464 2140 500 2186 viu
511 2139 555 2186 ullu
565 2139 681 2188 volentem

25 2203 142 2262 Auertet3
158 2218 212 2258 non,
225 2204 244 2251 ei
254 2205 357 2253 tellurem
368 2203 469 2252 effundat
479 2206 503 2251 in
514 2204 592 2259 undue,
657 2244 660 2248 .

25 2267 125 2316 Diluvio
136 2271 241 2323 miscens,
253 2270 381 2331 coelumque
391 2270 415 2317 in
426 2268 523 2317 Tarium
533 2269 622 2317 solvat:

26 2330 62 2380 Ut
69 2341 184 2395 seeptrnur
192 2335 236 2386 hoo
246 2333 336 2398 (dextri
344 2342 457 2397 soeptrum
466 2350 518 2382 uum
527 2335 585 2381 sorte
591 2331 698 2397 gerebat)

25 2396 152 2459 Nunquam
162 2398 243 2447 fronde
254 2400 298 2448 levi
308 2399 389 2450 fundet
398 2400 504 2462 virgulta,
516 2415 589 2461 neque
597 2400 696 2454 umbrur,

27 2460 89 2511 Cum
102 2465 173 2511 uernel
183 2464 207 2511 in
218 2466 288 2520 silvie,
299 2466 386 2528 imude
397 2466 467 2527 stirpe
476 2468 581 2519 recisum,

25 2526 105 2575 Matre
116 2537 186 2586 curet,
195 2531 314 2593 posuitque
325 2546 401 2578 comus
412 2539 437 2577 et
446 2531 537 2578 brachia
546 2528 606 2576 ferro
614 2545 622 2586 ς

28 2591 88 2640 Olim
101 2594 179 2653 urbem
196 2611 257 2644 nuno
267 2595 359 2644 artificio
368 2610 449 2643 munus
460 2610 506 2641 aere
516 2596 598 2642 decoro
644 2594 696 2639 ulo

26 2655 130 2718 Inolurit,
141 2661 285 2726 petribunque
295 2662 356 2728 (ledit
365 2668 457 2726 gesture
467 2658 562 2707 Latinio.

448 2729 463 2773 2
473 2739 494 2777 li
