1709 2925
236 422 284 489 ¹1².
300 418 507 488 VIRGILII
522 417 744 488 MARONIS

332 557 657 657 ououcrcdu

354 741 463 792 LIBER
478 739 637 789 TERTIUS.

163 1021 202 1068 Tn
212 1034 308 1081 quoque,
320 1034 403 1081 magna
414 1018 489 1074 Pales,
500 1025 524 1065 et
535 1026 558 1065 te
568 1017 714 1065 memorande
724 1031 839 1065 canemus

72 1101 74 1106 ·
164 1085 246 1133 Pastor
255 1086 283 1132 nb
294 1084 424 1145 Amphryso
430 1101 439 1141 ;
455 1099 504 1138 vos,
516 1083 580 1130 silvae
590 1098 713 1143 amnesque
725 1081 820 1144 Lycaei.

164 1148 261 1204 Caeterc,
272 1165 323 1211 quae
334 1164 416 1196 vacuas
427 1150 553 1195 tenuissent
563 1149 662 1195 csrmine
672 1155 772 1203 mentes,

164 1215 252 1263 Omnis
253 1215 302 1278 jam
312 1214 411 1275 vulgata,
446 1212 505 1267 Quis
515 1221 554 1261 aut
564 1212 696 1274 Eurystheo
706 1214 801 1269 durum,

164 1279 214 1327 Aut
224 1280 323 1328 illaudati
334 1280 406 1326 nescit
416 1277 528 1325 Busiridis
538 1277 606 1325 uras?

165 1342 210 1393 cui
220 1349 267 1391 non
278 1345 350 1391 dictus
362 1342 438 1404 Hylas
448 1343 522 1404 pueri
539 1351 562 1390 et
573 1341 672 1389 Latonia
681 1340 782 1389 Delos?

165 1408 360 1472 Hippodameque,
372 1408 511 1469 humeroque
522 1407 606 1470 Pelops
616 1405 713 1469 insignis
724 1408 822 1460 eburno,

121 1528 122 1534 ἵ
164 1475 226 1523 Acer
237 1473 315 1535 equis?
332 1472 546 1529 Tentandsviaest,
557 1471 837 1536 qudmequoqnepossirn

164 1538 256 1587 Tollere
266 1539 342 1593 humo,
353 1539 470 1599 victorque
480 1538 554 1584 virilm
564 1537 660 1584 volitare
669 1551 712 1597 per
722 1552 773 1585 ora.

165 1603 256 1652 Primus
267 1617 312 1664 ego
323 1603 346 1648 in
357 1603 451 1664 patrium
463 1617 559 1658 mecum,
569 1602 638 1649 modo
648 1601 696 1648 vita
707 1604 815 1664 supersit,

165 1668 243 1716 Aonio
253 1668 342 1715 rediens
353 1667 461 1714 deducam
472 1668 557 1715 vertice
567 1666 664 1725 Musas3
809 1668 833 1712 ll

166 1734 257 1781 Primus
267 1730 382 1781 Idumaeas
391 1731 487 1780 referam
497 1732 544 1789 tibi,
556 1731 659 1786 Mantua,
670 1730 776 1792 palmss3

165 1799 200 1847 Et
209 1798 275 1845 viridi
285 1798 309 1845 in
321 1813 400 1860 campo
411 1797 521 1860 templum
532 1798 561 1844 de
571 1810 683 1844 marmore
692 1810 782 1858 ponam

166 1863 264 1926 Propter
274 1878 361 1926 aquam,
372 1863 443 1913 tardis
453 1863 536 1925 ingens
545 1863 583 1910 ubi
594 1860 689 1908 flexibus
699 1867 764 1909 errat

166 1928 275 1985 Mincius,
286 1935 310 1976 et
319 1925 398 1976 tenerd
407 1929 513 1991 prsetexit
522 1927 630 1990 arundine
640 1926 707 1988 ripas.

166 1991 196 2038 In
207 1993 281 2040 medio
292 1994 347 2040 mihi
359 1990 439 2042 Caessr
449 1993 498 2050 en't,
508 1993 661 2055 templumque
670 1991 768 2038 tenebit.

166 2055 205 2103 Illi
215 2058 288 2105 victor
298 2073 350 2120 ego,
361 2066 385 2106 et
394 2057 467 2119 Tyrio
478 2065 612 2122 conspectus
621 2058 646 2103 in
657 2064 726 2111 ostro,

167 2119 267 2169 Centum
278 2123 423 2185 qundri'ugos
433 2122 523 2185 agitabo
533 2122 562 2170 sd
571 2122 665 2170 flumina
675 2136 764 2168 currus.

168 2183 259 2257 Cuncts
268 2188 330 2244 mihi,
342 2140 457 2250 dlpheum
467 2187 571 2249 linquens
581 2188 689 2248 lucosque
701 2184 826 2239 Molorchi,

167 2249 278 2299 Cursibus
288 2258 312 2300 et
322 2252 391 2299 crudo
402 2253 508 2299 decernet
519 2253 610 2301 Graecis
620 2257 699 2299 caestu.
805 2252 836 2298 2⁰

167 2313 229 2378 Ipse,
241 2324 309 2378 caput
319 2324 392 2364 tonsae
401 2317 462 2364 foliis
472 2324 565 2365 omctus
575 2319 648 2373 olivae,

166 2378 239 2428 Dona
248 2379 327 2428 feram.
358 2381 411 2430 Jcm
421 2395 483 2429 nunc
493 2383 607 2430 sollennes
617 2383 700 2429 ducere
708 2395 808 2446 pompus

167 2443 206 2491 Ad
216 2444 388 2507 delubrsjuvst,
398 2461 515 2507 caesosque
524 2447 602 2495 videre
607 2449 733 2510 juvencos:

166 2507 214 2555 Vel
224 2523 293 2557 scens
302 2516 329 2556 ut
339 2511 409 2558 versis
420 2511 519 2558 discedat
527 2511 645 2567 frontibus,
653 2517 724 2571 utque

168 2571 287 2634 Purpureo
296 2574 378 2622 intexti
387 2575 469 2622 tollant
478 2576 551 2623 culaen
561 2575 673 2623 Britanni.

168 2634 199 2686 In
209 2637 293 2687 loribus
303 2653 403 2704 pugnarn
414 2654 509 2689 exituro
519 2641 635 2705 solidoque
645 2640 766 2704 elephanto
