1709 2925
279 172 458 225 AENEIDOS
470 173 524 224 Lu.
533 175 568 227 X.
711 186 762 234 295

85 305 182 354 AEneais
189 304 284 368 ignauis
294 307 365 354 abest.
395 305 551 369 Nunquamne
560 307 631 356 levari

87 371 216 419 Obsidione
226 371 304 419 sines?
332 371 409 419 Muris
418 372 500 419 iterum
511 372 614 424 imminet
624 376 696 425 hostis

87 435 216 484 Nascentis
226 435 319 500 TroJae3
335 452 424 483 necnon
436 439 548 485 exercitus
558 439 621 494 aiter,

87 501 170 563 Atque
180 503 261 549 iterum
272 503 297 548 in
307 500 410 549 Teucros
420 501 506 549 AEtolis
517 504 590 565 surgit
599 506 627 552 ab
637 507 708 573 Arpis

87 565 201 627 Tydides.
232 565 354 628 Equidem,
363 567 438 621 credo,
449 582 501 614 mes
511 568 605 617 vulnera
615 579 714 631 restaut;
776 574 781 584 ‘

86 629 131 687 Et,
142 637 183 678 tua
192 632 319 694 progenies,
330 632 433 679 mortalia
443 631 548 680 demoror
557 635 632 684 mma!
726 642 775 697 30·

88 695 116 743 Si
128 696 178 743 sine
188 712 242 758 pace
254 694 299 751 tui,
311 704 378 757 atque
388 697 460 744 invito
471 698 570 753 numine,
581 698 656 749 Troiis

80 759 180 808 ‘Italiam
191 759 282 823 petitine,
293 762 358 808 luant
367 773 476 824 peccata3
491 777 564 824 neque
574 764 626 812 ilios

87 824 107 875 J
108 826 184 873 uveris
194 827 284 873 auxilio.
318 826 359 873 Sin
370 834 406 873 tot
417 841 526 889 respousa
536 829 614 883 secuti,

89 889 153 945 Quae
163 890 242 953 Superi
250 890 377 952 Manesque
384 892 473 948 dabant,
481 908 523 939 cur
529 907 589 941 nunc
596 902 635 941 tus
642 897 758 960 quisquam

87 953 190 1003 Vertere
195 957 261 1018 jussa
269 963 351 1018 potest,
362 964 402 1004 aut
412 972 453 1003 cur
464 973 523 1005 nova
533 958 630 1007 condere
640 960 703 1007 iata?

89 1019 156 1074 Quid
167 1029 265 1083 repetam
276 1028 368 1069 exustas
379 1021 482 1083 Erycino
493 1023 516 1069 in
528 1023 594 1070 litore
604 1025 705 1076 classes?

88 1084 156 1139 Quid
166 1092 324 1148 tempestatum
335 1102 421 1148 regem,
432 1094 558 1150 ventosque
567 1088 668 1139 furentes

85 1146 170 1198 AEolit
179 1151 272 1205 excitos,
285 1158 324 1198 aut
334 1159 407 1199 actam
419 1153 514 1200 nubibus
524 1151 598 1200 Irim?

86 1213 162 1262 Nunc
172 1216 240 1262 etiarn
252 1215 335 1263 Manes
347 1218 408 1281 (haec
418 1217 530 1264 intentata
540 1220 645 1268 manebst

87 1279 147 1327 Sors
157 1279 244 1335 rerum)
257 1290 349 1339 movet;
366 1289 390 1328 et
401 1283 596 1345 superisimmisss
603 1294 696 1348 repente
725 1292 760 1337 40

85 1345 182 1400 Alecto,
193 1346 278 1394 medias
290 1344 374 1394 Italhm
384 1348 492 1395 bacchata
501 1363 542 1410 per
553 1350 625 1397 urbes.

56 1428 62 1434 ·
79 1409 132 1458 diii
143 1425 214 1474 super
222 1411 316 1474 imperio
325 1427 433 1460 moveor:
453 1414 592 1476 speravimus
602 1415 652 1472 ista,

85 1475 156 1525 Dum
166 1476 259 1525 fortuna
267 1478 323 1525 fuit:
342 1479 443 1537 vincant,
454 1495 512 1540 quos
521 1481 613 1529 vincere
622 1484 702 1532 mavis.

86 1541 116 1589 Si
127 1541 191 1590 nulla
200 1549 236 1589 est
246 1544 317 1605 regio,
328 1543 424 1591 Teucris
434 1560 501 1606 quam
513 1546 551 1593 det
562 1554 601 1594 tua
611 1549 696 1612 conjux

85 1606 173 1664 Dura3
189 1622 230 1669 per
240 1623 333 1665 eversae,
344 1609 444 1670 genitor,
454 1608 564 1658 fumantia
574 1611 653 1675 Trojae

85 1671 200 1721 Exscidia
211 1673 325 1732 obtestor;
342 1675 408 1722 liceat
419 1675 532 1723 dimittere
541 1676 569 1723 ab
579 1677 648 1724 mmis

85 1735 233 1785 Incolumem
244 1738 375 1795 Ascanium,
386 1740 454 1787 liceat
464 1755 581 1802 superesse
591 1749 704 1804 nepotem.

84 1802 180 1851 AEueus
189 1815 244 1850 sans
254 1804 339 1867 ignotis
344 1805 445 1866 Jactetur
454 1805 478 1851 io
489 1804 570 1863 undis;

84 1866 136 1924 Ee
142 1882 307 1929 quamcumque
316 1870 376 1917 viam
388 1869 476 1916 dederit
483 1868 592 1925 Fortuna,
604 1877 724 1932 sequaturt

86 1932 164 1980 Hunc
175 1940 259 1994 tegere.
271 1941 295 1981 et
305 1932 360 1981 dirae
370 1935 458 1981 valeam
469 1934 593 1983 subducere
602 1950 695 2000 puguae.
726 1940 760 1986 50

84 1997 135 2047 Est
146 1997 267 2054 Amathus,
278 2005 315 2046 est
324 1999 385 2046 celsa
395 2000 451 2045 mibi
462 1998 560 2061 Paphus,
572 2008 640 2061 atque
650 2000 759 2065 Cythera,

80 2062 213 2124 Idaliaeque
224 2063 317 2111 domus:
335 2065 415 2127 positis
425 2065 537 2127 inglorius
547 2066 616 2113 armis
754 2087 756 2100 ·

85 2126 178 2191 Exiget
189 2129 226 2175 bic
236 2143 319 2176 aevum.
352 2128 443 2193 Magni
453 2131 538 2177 ditione
544 2131 624 2194 jubeto
701 2164 705 2172 -

86 2190 305 2305 Cmtiimoprmat
316 2194 456 2244 Ausoniam:
476 2196 532 2242 nihil
543 2197 633 2245 urbibus
643 2199 697 2247 inde

84 2321 161 2378 Juvn,
172 2330 197 2373 et
207 2324 330 2386 Argolicos
340 2326 439 2374 medium
450 2326 537 2389 fugisse
547 2343 587 2390 per
597 2329 673 2391 ignes,

83 2385 180 2450 Totque
190 2390 259 2437 maris
269 2397 385 2452 vastaeque
394 2392 504 2439 exhausta
513 2393 613 2455 pericula
622 2402 698 2448 terrie,

84 2452 154 2501 Dum
163 2452 256 2501 Latium
266 2453 351 2503 Teucri
361 2457 504 2519 recidivaque
514 2457 628 2520 Pergama
637 2458 759 2519 quaeruut?

84 2517 145 2566 Non
157 2519 233 2575 satius,
246 2520 333 2567 cineres
342 2522 422 2582 patriae
432 2522 546 2569 insedisse
553 2537 675 2585 supremos,

85 2584 168 2645 Atque
176 2585 259 2639 solum,
271 2601 316 2648 quo
327 2584 398 2648 TroJa
406 2586 467 2634 suit?
484 2586 602 2633 Xanthum
611 2594 634 2632 et
643 2585 760 2635 Simo'e'uta

84 2647 176 2704 Redde.
186 2665 233 2705 oro,
244 2650 345 2707 miserim
364 2652 493 2713 iterumque
503 2650 618 2698 revolvere
628 2665 694 2698 casus
725 2655 757 2700 61

82 2712 136 2776 Da,
147 2720 220 2779 pater,
232 2713 316 2767 Ilicem
325 2714 440 2769 Teucris,
461 2714 524 2766 Tum
534 2714 599 2782 regia
606 2713 670 2766 Juuo
750 2758 753 2763 .

226 2259 289 2320 yriis.
321 2259 385 2315 Quid
395 2268 483 2323 pestem
494 2262 589 2310 madere
599 2263 651 2311 belli
