1709 2925
132 147 163 192 22
297 139 483 192 BUCOLICA.
498 140 558 191 Eoo.
570 140 630 189 VII.

353 297 364 323 '‘
409 321 519 356 umens.

43 413 47 427 ·
134 388 183 435 Hic
194 387 264 442 focus,
275 393 298 434 et
308 386 374 434 taedae
384 390 487 450 pingues,
498 385 535 434 hic
545 384 654 449 plurimus
663 385 725 452 ignis

135 454 237 515 Semper,
248 460 271 499 et
282 451 370 499 assidat
379 461 456 514 postes
465 445 561 514 iuligine
572 455 638 516 nigri.
766 457 798 503 50

135 517 183 564 Hic
194 524 280 565 tentum
292 516 374 564 Boreoe
385 533 489 564 curamus
498 518 590 580 frigora,
601 526 709 579 quantum

134 583 184 630 Aut
195 598 313 629 numerum
322 582 397 645 lupus,
409 591 448 630 sut
457 584 566 630 torrentia
575 582 669 631 flumina
678 586 745 647 rip‘ns.

406 701 528 734 comos.

135 772 203 821 Stant
214 770 347 834 etjuniperi,
358 776 381 816 et
392 776 502 815 castaneae
513 768 621 824 hirsutae3

134 838 212 885 Strato
217 840 295 900 jacent
305 835 387 896 passim
399 849 440 881 sus
449 831 537 894 qudque
547 834 589 880 sub
599 834 677 879 arbore
687 848 772 896 poma3

135 903 219 949 Omnia
229 900 385 966 nuncrident:
406 906 435 952 at,
447 900 466 945 si
477 897 589 946 formosus
600 898 681 944 Alexis
766 934 771 940 .

136 967 255 1015 Montibus
265 965 300 1012 his
311 966 381 1020 sbeut,
392 964 468 1011 videas
479 971 503 1010 et
513 963 606 1010 flumina
616 965 683 1010 sicca.

412 1090 523 1124 umsrs,

135 1159 194 1207 Aret
204 1174 273 1222 agen
289 1159 345 1205 vitio
354 1157 455 1204 moriens
466 1157 513 1204 sitit
523 1156 580 1203 seris
589 1156 671 1213 herbu3

136 1225 206 1271 Liber
217 1226 344 1287 pampineus
354 1223 434 1269 invidit
445 1223 538 1269 collibus
549 1221 645 1267 umbras.

137 1288 247 1350 Phyllidis
257 1291 356 1337 adventu
366 1294 451 1335 nostroe
462 1302 542 1333 nemus
552 1300 620 1332 omne
631 1283 725 1343 virebit3
841 1333 844 1342 ³

135 1353 225 1417 Jupiter
234 1362 258 1401 et
266 1354 321 1405 laeto
331 1353 451 1400 descendet
462 1352 570 1413 plurimus
580 1351 652 1396 imbri.
770 1354 806 1397 60

408 1478 529 1512 nomon
556 1457 558 1465 ”

137 1548 238 1611 Populus
249 1546 338 1595 Alcidae
348 1547 482 1609 gratissima,
494 1546 547 1592 vitis
558 1542 659 1598 Iacchus
742 1553 754 1592 ζ

137 1613 254 1661 Formosae
265 1619 352 1673 myrtus
364 1611 456 1666 Veneri,
468 1627 508 1658 sus
517 1611 592 1658 loures
603 1609 707 1656 Phoebo:

96 1688 99 1697 '
137 1678 224 1739 Phyllis
235 1683 295 1724 amat
305 1676 412 1737 corylos}
426 1677 475 1723 illus
486 1677 540 1722 dum
552 1674 640 1736 Phyllis
651 1675 743 1733 amabit,

135 1744 189 1792 Nec
200 1751 288 1804 myrtus
298 1742 374 1789 vincet
385 1742 481 1802 corylos,
493 1757 535 1789 nec
546 1742 622 1788 laurea
633 1738 723 1787 Phoebi.

413 1869 524 1902 mmo.

136 1937 249 1985 Fraxinus
258 1939 282 1984 in
293 1937 355 1985 siluis
365 1935 520 1999 pulcherrima,
531 1934 597 1995 pinus
606 1949 631 1980 1n
641 1934 721 1994 hortis,

137 2002 238 2063 Populus
248 2003 272 2048 in
282 2002 364 2056 fluviis,
376 2002 436 2048 abies
447 2001 471 2046 in
482 2000 594 2046 montibus
604 2000 669 2046 altis:

137 2068 225 2129 Saepius
236 2075 260 2113 st
270 2067 288 2113 si
299 2082 343 2122 me,
355 2065 444 2127 Lycida
455 2064 563 2119 formose,
573 2065 664 2119 revisas,

136 2131 248 2180 Fraxinus
259 2131 283 2179 in
294 2132 356 2179 silvis
367 2131 432 2178 cedat
442 2130 488 2185 tibi,
500 2131 566 2191 pinus
576 2130 600 2176 in
611 2131 691 2177 hortis.

400 2243 538 2291 ursimus.

138 2325 199 2374 Haec
209 2327 309 2381 memini,
320 2333 344 2373 et
354 2327 440 2374 victum
451 2326 535 2373 frustra
544 2325 681 2372 contendere
687 2322 796 2387 'Pnyrsin

137 2390 188 2455 [Ex
198 2391 237 2440 ilio
249 2389 359 2453 Corydon
371 2389 481 2455 Corydon
492 2399 528 2440 est
538 2399 640 2455 tempore
650 2390 734 2456 nobis]
771 2393 803 2438 70
