1709 2925
247 110 413 181 AENEID'OS
428 125 542 180 auxi.
676 136 726 180 aas

49 262 90 311 Ut
99 261 176 313 bivias
185 266 272 311 mato
284 260 384 308 obtidam
394 261 467 309 milite
476 259 561 308 lauces.

49 327 91 375 Tu
102 325 252 388 Tyrrhenum
263 326 363 387 equitem
374 326 461 373 collatis
472 327 551 389 excipe
562 326 651 390 signin

39 386 145 440 'Tecum
157 406 209 438 acer
220 390 342 453 Messapus
353 392 403 445 erit.
414 399 540 453 turmaeque
552 390 649 446 Latiare,

52 456 199 517 Trbumique
209 471 303 503 manus:
322 456 385 503 ducis
395 462 455 502 etta
466 457 560 518 concipe
571 472 656 505 curam.

54 522 96 570 Sic
107 523 146 577 ait,
158 529 183 567 et
192 522 281 583 paribus
292 520 426 583 Messapum
437 522 461 567 in
472 521 552 583 proelia
562 522 628 570 dictis
678 525 728 570 520
781 525 784 530 '

54 586 181 642 Hortatur,
193 587 311 647 sociosque
321 586 404 646 dunes3
420 593 445 632 et
454 587 530 648 pergit
540 587 563 631 in
574 586 670 634 bostem.
727 590 730 597 '

54 651 102 703 Est
113 667 187 699 curvo
197 650 298 700 anfractu
309 651 385 706 valles,
397 651 543 697 accommoda
552 649 624 699 fraudi

55 718 228 776 Armorumque
238 716 309 774 dolis3
326 731 393 777 quam
404 715 480 762 densis
490 714 606 763 frondibus
616 723 690 764 atrum

56 782 137 845 Urget
148 781 261 842 utrimque
271 781 331 829 latus
337 798 345 838 ς
363 781 493 842 tenuisque
505 781 584 828 semita
595 781 662 837 ducit,

55 848 219 909 Angustaque
229 845 306 893 serunt
315 845 392 894 fauces
403 846 521 907 aditusque
531 846 633 908 maligni.

56 911 130 959 Hanc
142 927 216 973 super,
225 913 248 957 in
260 911 355 973 speculis
366 924 500 972 summoque
510 912 534 958 in
541 913 627 958 vertice
636 912 727 969 montis,

57 976 170 1026 Planities
182 977 333 1040 ignotajacet,
345 978 431 1038 tutique
442 984 561 1038 receptus3

58 1042 106 1090 Seu
118 1039 198 1088 dextra
207 1039 310 1103 laevisque
321 1042 377 1090 velis
388 1057 506 1088 occurrere
515 1049 609 1103 pugisae,

57 1106 116 1154 Sive
126 1107 211 1153 instare
217 1108 288 1170 jugis,
299 1114 323 1153 et
333 1096 427 1169 grandia
438 1107 530 1154 volvere
540 1122 602 1155 saxa.
725 1148 729 1153 .

58 1171 117 1219 Huc
123 1172 217 1234 juvenis
227 1170 282 1219 natis
291 1172 362 1219 fertur
373 1172 575 1233 regionevlarum3
679 1174 729 1221 530

57 1237 208 1298 Arripuitque
217 1237 301 1295 locum,
312 1245 336 1284 et
346 1236 409 1285 silvis
419 1236 502 1283 insedit
511 1237 601 1296 iniquis.

92 1301 204 1348 Velocem
214 1302 301 1353 interea
312 1303 398 1365 superis
408 1303 432 1348 ln
440 1301 529 1349 sedibus
540 1301 615 1363 Opim,

59 1366 141 1415 Unam
151 1381 181 1412 ex
192 1367 316 1429 virginibus
327 1368 394 1415 sociis
405 1365 513 1428 sacrique
524 1365 620 1423 catervi,

59 1431 225 1494 compellabat,
237 1439 260 1480 et
268 1433 308 1481 has
320 1434 395 1481 tristes
406 1431 505 1481 Latonia
515 1448 583 1481 voces

58 1498 109 1546 Ore
120 1497 198 1546 dabat:
214 1498 322 1547 Graditur
332 1499 415 1546 bellum
426 1499 455 1546 ad
466 1499 556 1546 crudele
565 1496 668 1553 Camilla,

60 1563 83 1611 0
96 1563 170 1625 virgo,
182 1571 205 1611 et
216 1565 299 1611 nostris
310 1565 392 1625 nequid
407 1579 459 1611 uam
468 1565 567 1626 cingitur
577 1565 652 1616 armis,

60 1626 124 1677 cara
132 1628 188 1675 mihi
199 1637 252 1678 ante
261 1628 330 1677 aliast
349 1580 423 1690 neqiie
430 1629 491 1675 enim
503 1644 576 1676 novus
583 1630 626 1675 iste
633 1627 718 1675 Dianae

58 1692 134 1740 Venit
144 1707 214 1748 amor,
226 1692 342 1756 subitique
355 1694 456 1741 animum
469 1694 586 1740 dulcedine
597 1693 676 1739 movit.

58 1757 147 1806 Pulsus
157 1759 186 1805 ob
196 1759 302 1806 invidiam
314 1775 385 1822 regno
395 1760 500 1819 viresque
511 1758 618 1820 superbas

58 1822 174 1872 Priverno
185 1822 275 1884 antiqui
286 1824 394 1872 Metabus
405 1838 457 1870 cum
468 1823 586 1870 excederet
597 1823 658 1879 urbe,
680 1823 732 1870 540

59 1887 185 1944 Infantem,
195 1888 286 1950 fugiens
297 1890 370 1937 media
380 1890 440 1935 iuter
449 1888 529 1950 ptoelia
538 1888 597 1941 belli,
725 1895 728 1902 ’

59 1947 160 2000 Sustulit
170 1954 249 2002 exsilio
260 1955 372 2010 comitem,
385 1954 506 2014 matrisque
516 1953 607 1999 vocavit

59 2017 165 2065 Nomine
176 2017 298 2074 Casmillae,
310 2016 395 2066 mutatd
406 2026 476 2081 parte,
489 2014 616 2066 Camillam.

60 2082 124 2145 Ipse,
136 2084 187 2129 sinu
198 2099 245 2146 prae
256 2099 281 2131 se
291 2091 390 2146 portans,
396 2085 456 2146 juga
465 2082 535 2145 longa
545 2085 635 2145 petebat

61 2148 169 2196 Selorum
181 2164 313 2207 nemorum
330 2150 376 2196 tela
386 2150 484 2210 undique
495 2164 556 2195 saeva
565 2150 702 2211 premebant,

7 2257 8 2260 ,
61 2212 97 2261 Et
108 2212 244 2260 circumfuso
254 2214 378 2262 volitabant
388 2214 460 2260 milite
468 2211 555 2262 Volsci.
699 2227 702 2230 '

61 2278 134 2333 Ecce,
145 2277 208 2340 fugae
220 2279 300 2332 medio,
311 2280 405 2326 summis
416 2278 544 2327 Amasenus
555 2279 670 2327 abundans

63 2343 188 2405 spumabat
198 2344 266 2405 ripis;
284 2351 360 2391 tantm
371 2360 395 2391 se
406 2346 501 2391 nubibus
511 2344 582 2391 imber

61 2408 173 2472 Ruperat.
206 2407 258 2467 lile,
268 2410 348 2456 innare
358 2424 445 2472 parans,
456 2409 548 2456 infantis
558 2422 635 2455 eruore

62 2472 182 2529 Tardatur‚
193 2487 291 2535 caroque
302 2477 364 2521 oneri
376 2476 447 2521 timet.
479 2473 562 2520 Omnia
573 2486 649 2519 secum
683 2472 732 2518 550

64 2537 173 2585 Versanti
184 2538 258 2585 subito
269 2540 307 2587 vix
319 2540 367 2586 haec
379 2540 491 2586 sententia
502 2537 574 2583 sedit:

63 2601 147 2649 Telum
158 2602 263 2658 immane,
274 2618 344 2662 manu
354 2602 428 2651 validi
438 2603 498 2663 quod
507 2600 567 2646 iorte
574 2598 667 2661 gerebat

63 2666 172 2727 Bellator,
183 2668 279 2718 solidum
291 2668 356 2718 nodis
366 2675 390 2717 et
400 2668 481 2720 robore
491 2669 557 2713 cocto
563 2680 572 2722 ς
