1709 2925
48 216 55 221 ,
159 158 210 211 816
353 154 519 208 mimos
534 155 588 207 Lm.
598 156 640 207 X}

161 282 196 333 Bt
206 282 311 337 mairam,
322 282 385 329 molli
395 289 469 330 mater
478 296 545 342 quam
556 287 651 329 neverm
661 289 722 331 surb
731 300 742 343 ς
762 308 765 313 ·

162 346 312 411 Implevitqus
323 347 397 394 sinum
409 348 517 408 sanguis:
536 355 585 393 tum
599 347 648 394 sita
657 362 700 409 per
711 364 786 397 eures

163 411 283 461 Concessit
293 418 376 458 moesta
385 411 415 458 ad
425 411 515 466 Manes,
527 426 654 473 corpusque
664 413 770 475 reliquit.
790 411 837 461 ὅθ)

162 478 197 525 At
208 492 262 523 vero
274 485 299 523 nt
309 477 396 524 nautum
408 477 465 524 vidit
475 477 592 523 morientis
602 484 627 523 et
636 492 684 532 ora,

162 539 211 588 Ora
220 541 293 588 modis
305 540 454 588 Anchisiades
466 541 572 602 pallentia
579 541 652 596 misia

162 604 280 668 Ingemuit
290 607 399 653 miseram
409 607 517 667 graviter,
529 606 677 667 dextramque
686 607 807 666 tetendit;

161 670 196 720 Et
206 679 305 720 mentem
316 672 395 734 patriae
406 671 497 717 strinxit
507 671 596 733 pietatis
605 672 692 733 imago.

162 735 226 791 Quid
237 737 275 783 tibi
288 751 355 790 nuuc,
367 735 494 782 miserande
503 750 565 797 puer,
575 751 617 798 pro
628 736 735 784 laudibus
746 737 805 791 istis,

164 801 227 856 Quid
237 802 287 865 pius
298 801 385 848 AEueas
396 798 460 847 tanti
469 800 530 846 dabit
539 800 615 847 indole
626 801 742 863 dignum?

161 867 240 921 Arma,
252 867 331 929 quibus
342 866 439 920 laetatus,
450 865 507 912 habe
518 872 572 922 tua3
589 872 659 926 teque
669 866 794 928 parentiim

162 931 272 979 Manibus
282 940 306 978 et
316 932 393 985 cineri,
405 931 424 977 si
435 945 480 990 qna
490 937 526 977 est
536 945 563 977 ee
573 945 634 985 cura,
645 932 749 979 remitto.

163 995 219 1044 Hoc
229 1004 305 1044 tamen
315 995 395 1042 infelix
405 995 511 1042 miseram
522 995 623 1042 solabere
632 1004 734 1047 mortem
740 1013 749 1054 3

162 1061 246 1108 AEnese
256 1061 334 1122 magni
342 1057 421 1107 dextri
432 1060 500 1107 cedia
532 1057 639 1121 Increpat
650 1061 713 1108 uitro
784 1062 833 1108 880

162 1124 304 1177 cunctantes
315 1125 395 1181 socios,
407 1131 432 1172 et
442 1123 503 1172 terni
513 1125 615 1172 sublevat
625 1126 707 1188 ipsum,

161 1190 279 1253 Sanguine
289 1198 416 1253 turpantem
425 1197 515 1237 comtos
525 1190 554 1236 de
564 1205 629 1237 more
638 1192 741 1253 capillos.

195 1254 288 1307 Interea
297 1256 388 1319 genitor
399 1253 500 1302 Tiberini
511 1255 540 1302 ad
550 1253 650 1302 fluminis
662 1257 749 1304 undam

161 1319 266 1370 Vulnera
276 1322 373 1369 siccabat
383 1320 488 1381 lymphis,
500 1335 626 1381 corpusque
635 1321 734 1378 levabat,

161 1385 259 1434 Arboris
268 1386 359 1434 acclinis
367 1394 460 1434 trunco.
490 1383 575 1433 Procul
586 1401 645 1433 eree
656 1390 727 1434 nmis

162 1449 286 1514 Dependet
294 1452 367 1514 galea,
378 1458 402 1501 et
411 1459 477 1514 prato
487 1451 566 1514 gravia
574 1466 640 1499 anna
649 1452 778 1513 quiescunt.

161 1516 228 1564 Stant
238 1516 292 1564 lecti
301 1517 384 1564 circum
392 1518 507 1580 juvenen
522 1517 572 1579 ipse
582 1531 652 1579 reget,
663 1517 779 1575 anhelans,

163 1580 229 1634 &olla
238 1580 308 1637 fovet,
318 1580 383 1629 susus
393 1596 515 1645 properam
526 1582 550 1628 in
560 1583 759 1643 pectoreberbem.

161 1647 239 1704 Multa
249 1662 317 1710 super
328 1645 405 1694 Lauso
416 1648 506 1710 rogitat,
517 1646 660 1708 multumque
671 1648 774 1703 remittit,
781 1648 825 1694 889

162 1712 211 1768 Qui
221 1718 335 1768 revocent,
342 1712 464 1773 moestique
473 1710 547 1759 serant
557 1713 664 1760 mandata
674 1714 783 1775 parentis.

162 1778 197 1826 At
208 1776 309 1826 Lausum
321 1777 376 1825 socii
387 1777 514 1825 exanimem
526 1792 592 1840 snper
602 1792 665 1824 arma
675 1778 778 1825 ferebant

161 1842 262 1901 mentes,
274 1845 396 1906 ingentem,
409 1849 477 1903 atque
487 1844 576 1905 ingenti
587 1843 683 1890 vnlnere
693 1844 787 1897 vienna.

160 1907 267 1972 Agnovit
276 1909 346 1970 longe
355 1908 467 1970 gemitum
480 1923 584 1970 presaga
593 1908 647 1955 mali
658 1923 732 1957 mens.

162 1971 276 2023 canitiem
287 1974 359 2021 multo
370 1972 481 2020 deformat
491 1973 589 2034 pulvere,
601 1981 624 2020 et
635 1974 714 2020 ambas

161 2037 201 2085 Ad
212 2039 296 2090 coeium
307 2038 379 2086 tendit
388 2037 482 2100 palmas,
493 2045 517 2085 et
527 2051 621 2101 corpore
631 2039 736 2086 inbaeret.

161 2101 267 2150 Tantane
277 2118 315 2150 me
324 2103 398 2151 tenuit
407 2102 508 2158 vivendi,
519 2110 579 2158 nate,
590 2103 702 2165 voluptas,

162 2166 199 2215 Ut
208 2183 250 2229 pro
260 2183 298 2215 me
308 2168 384 2215 hostili
394 2174 483 2231 paterer
493 2168 613 2215 succedere
622 2168 719 2224 dextra,

162 2231 239 2287 Quem
250 2232 335 2294 genuit
347 2231 428 2280 Tuane
436 2234 486 2280 baec
495 2232 587 2294 genitor
595 2235 636 2294 per
644 2233 739 2280 vulnera
746 2246 821 2286 serron

161 2296 242 2346 Morte
252 2294 292 2343 tusi
301 2296 399 2344 virens?
416 2296 487 2345 Heu!
500 2312 561 2344 nune
571 2299 655 2345 misero
665 2298 722 2345 mibi
732 2298 814 2345 demum

161 2361 276 2411 Exsilium
285 2359 363 2408 infelix
374 2361 379 2410 Ι
397 2376 458 2408 nunc
470 2362 515 2410 alte
525 2362 607 2410 vulnus
617 2362 722 2409 adactum
731 2361 737 2410 !
779 2364 823 2410 8⁵⁰

161 2425 228 2474 Idem
239 2441 290 2489 ego,
302 2431 361 2480 uate,
370 2433 434 2473 tunm
445 2427 557 2474 maculavi
567 2427 662 2474 crimine
673 2442 764 2484 nomen,
840 2427 841 2430 ’

163 2490 247 2539 Pulsus
257 2490 286 2538 ob
296 2489 403 2538 iuvidiam
414 2491 472 2538 solio
483 2494 622 2553 sceptrisque
630 2493 740 2554 paternis.
838 2497 840 2520 ¹

162 2554 294 2604 Debueram
305 2555 384 2617 patriae
394 2570 474 2618 poenas
484 2557 585 2619 odiisque
595 2572 714 2609 meorum:

162 2618 250 2666 Omnes
260 2634 301 2681 per
311 2625 395 2667 mortes
405 2622 503 2668 animam
514 2630 603 2669 sontem
614 2622 664 2684 ipse
674 2619 797 2670 dodim!

162 2679 234 2730 Nunc
241 2681 307 2733 sisoi
318 2684 709 2752 nequeadbucbominesluoemque
716 2681 823 2751 relinqui
