1709 2925
123 177 159 225 Η
318 171 506 225 duodecies.
523 173 609 225 Lusi.

121 303 237 356 Enetum
248 304 279 352 sd
286 315 394 362 mensem,
405 303 484 368 pluvit
493 307 611 368 ventisque
621 308 729 355 carebunt
734 323 743 366 ς

121 370 228 432 Votaque
238 372 320 418 sensti
331 371 420 418 solvent
429 373 454 417 in
465 372 532 419 litore
542 381 618 419 nautae

122 436 212 485 Glsuoo
223 442 247 483 et
257 433 371 499 Psuopeae
381 443 405 483 et
416 433 476 483 Iuoo
486 435 621 484 Melicerte.

154 500 195 548 su
214 511 302 562 quoque
323 508 347 549 et
365 502 476 559 exoriens,
494 508 527 566 et·
537 517 589 550 oum
607 517 633 549 se
650 500 734 549 condet
748 503 776 550 in

216 566 295 623 undas,

121 629 193 693 signs
203 630 278 688 dubit3
295 630 366 678 solem
377 629 503 678 certissima
513 630 578 694 signs
588 638 721 693 sequuntur.

120 694 155 745 Et
165 710 216 756 quae
226 709 293 742 mene
303 695 378 751 refert,
389 702 413 744 et
423 711 475 758 quse
487 697 630 759 surgenuisus
640 697 714 747 astris.
740 699 795 744 440

120 758 165 807 Ilie
175 760 212 807 ubi
220 768 348 808 nascentem
359 762 454 809 msculis
463 762 583 809 variaverit
592 769 677 821 ortum,

121 822 234 873 Conditus
244 827 268 873 in
279 827 368 886 nubem,
380 827 499 888 medioque
509 826 618 890 refisgerit
628 829 689 882 orbe,

120 889 224 953 Suspeeti
234 891 274 937 tibi
285 892 330 938 sint
340 891 422 938 imbres
431 908 439 947 3
456 907 552 953 numque
562 898 630 955 urget
640 894 667 939 sb
677 893 725 940 alto

120 954 291 1016 Arboribusque
302 956 399 1017 satisque
410 955 488 1003 Notus
497 955 616 1019 pecorique
627 959 725 1006 sinister.

120 1020 170 1067 Aut
181 1021 218 1067 ubi
230 1021 270 1067 sub
280 1013 353 1067 luoeni
364 1021 435 1068 dense
446 1021 504 1067 inter
515 1022 590 1068 nubilo
600 1037 650 1069 sese

119 1083 214 1132 Diversi
225 1093 330 1148 rumpent
339 1086 403 1142 radii,
414 1093 454 1132 aut
465 1087 502 1132 ubi
513 1085 593 1148 pallido
604 1094 682 1150 surget

119 1147 213 1197 Tithoni
225 1165 329 1197 croceum
340 1151 444 1212 linquens
456 1151 546 1198 Aurora
556 1151 642 1209 cubile;

119 1212 189 1263 Heu!
206 1215 266 1262 mole
276 1223 325 1262 tum
335 1215 403 1262 mites
413 1214 517 1263 defendet
526 1217 644 1279 pampinus
654 1232 710 1264 uvas
719 1234 726 1265 ι

119 1278 179 1326 Tum
190 1280 261 1328 mults
271 1281 294 1326 in
306 1282 373 1328 tectis
383 1282 495 1343 crepitans
506 1281 557 1328 solit
567 1282 657 1329 horrido
666 1282 762 1344 grando.

120 1343 176 1391 Hoc
187 1345 261 1400 etism,
272 1360 364 1392 emenso
376 1361 427 1392 oum
434 1347 484 1409 Jam
495 1345 589 1393 decedet
599 1345 705 1408 Olympo,
739 1350 792 1396 450

120 1408 235 1457 Profuerit
245 1410 375 1457 meminisse
384 1411 475 1474 mogis3
492 1426 545 1458 nsm
556 1426 616 1476 saepe
626 1412 728 1459 videmus

119 1473 194 1537 Ipsius
205 1475 229 1521 in
240 1476 305 1523 vultu
315 1476 391 1523 vsrios
403 1491 478 1523 errare
488 1477 588 1524 colores:
745 1484 749 1491 '

119 1538 239 1588 Coeruleus
248 1539 348 1602 pluviam
359 1540 483 1597 denuntiet,
493 1543 575 1604 igneus
585 1541 669 1589 Euros.

119 1604 160 1651 Sin
171 1604 266 1652 mooulae
276 1605 382 1667 insipient
392 1606 461 1653 rutilo
471 1607 618 1654 immiscerier
626 1608 682 1670 igni,

118 1668 203 1716 Omnis
213 1677 268 1716 tunc
278 1671 362 1732 pariter
371 1678 442 1719 vento
452 1672 577 1734 nimbisque
587 1672 672 1720 videbis

118 1733 231 1782 Fervere:
250 1748 297 1782 non
308 1733 347 1782 ills
356 1736 473 1797 quisquam
484 1751 523 1783 me
533 1744 600 1784 nocte
609 1753 649 1800 per
660 1737 731 1785 ultum

117 1796 163 1854 Ire,
175 1814 248 1861 neque
257 1815 271 1847 s
280 1798 341 1848 terri
349 1808 442 1849 monent
452 1801 579 1849 convellere
589 1802 674 1849 sunem.

116 1865 152 1911 At
162 1865 187 1919 si,
200 1880 251 1912 cum
262 1865 387 1928 referetque
397 1866 463 1922 diem,
475 1866 601 1929 condetque
611 1868 713 1924 relatum,

117 1927 219 1977 Lucidus
229 1931 289 1977 orbis
299 1932 349 1987 erit,
359 1930 443 1979 frustra
453 1932 564 1979 terrebere
575 1933 662 1990 nimbis,

117 1992 152 2040 Et
161 1994 222 2041 dsro
233 1995 301 2042 silvas
311 2008 389 2044 cernes
400 1996 619 2059 Aquilonemoveri.
736 2001 788 2053 460

116 2057 232 2120 Denique,
243 2060 297 2120 quid
306 2059 397 2124 Vesper
407 2077 472 2109 serus
482 2063 557 2119 vehat,
568 2063 628 2110 unde
638 2077 730 2110 serenas
778 2058 781 2067 ’

116 2121 208 2171 Ventus
218 2131 271 2186 ugst
282 2126 359 2181 nubes,
371 2126 424 2189 quid
435 2128 522 2190 cogitet
531 2127 637 2175 humidus
648 2126 741 2186 Auster,

117 2187 207 2237 soloni
218 2189 284 2251 signs
295 2189 368 2238 dubit:
388 2191 466 2239 Solem
477 2192 527 2253 quis
538 2192 611 2240 dicere
620 2192 703 2239 sslsum

116 2251 225 2300 Audeat?
241 2253 280 2301 ille
290 2255 358 2303 etism
369 2270 443 2305 oaecos
452 2259 538 2305 instare
547 2258 657 2307 tumultus

117 2317 183 2380 Saepe
194 2324 278 2375 monet,
289 2319 436 2383 fraudemque
446 2330 470 2372 et
480 2330 558 2386 opertu
568 2331 694 2371 tumescere
703 2322 772 2373 bells.

116 2378 160 2429 Ille
171 2384 238 2430 etism
250 2386 363 2434 exstincto
372 2389 492 2435 miseratus
504 2386 596 2436 Caessre
607 2387 713 2445 Romam,

114 2446 176 2495 Cum
187 2456 252 2511 esput
263 2451 359 2499 obscurd
369 2453 465 2500 nitidum
474 2452 590 2517 ferrugine
601 2453 665 2509 texit,

117 2509 233 2575 Impisque
244 2525 352 2563 eternam
363 2518 487 2566 timuerunt
497 2520 581 2566 saeoula
590 2526 693 2566 noctem:
795 2518 800 2528 ¹

115 2573 229 2641 Tempore
245 2596 379 2646 quamquam
403 2583 443 2631 illo
458 2583 526 2633 tellus
541 2599 637 2648 quoque,
655 2591 678 2633 et
694 2598 788 2647 sequen

210 2647 280 2707 nous
737 2686 801 2789 ἡ,

764 2790 796 2849 λ’ἱχ
