1709 2925
151 103 185 151 40
343 95 532 149 GEORGICA.
548 95 603 148 Lm.
612 96 634 150 1.

147 230 199 279 Aut
209 244 262 278 cunr
272 229 321 277 sole
329 243 391 278 novo
402 235 474 277 terras
484 229 566 277 irrorat
578 227 651 277 Eous

149 296 226 344 Nocte
235 294 298 343 leves
309 295 389 342 melius
400 294 497 356 ripule,
509 301 578 360 nocte
588 294 650 342 arida
659 302 725 357 prats

149 360 299 417 Tondentur3
316 366 395 407 noctes
404 359 482 406 lentus
491 374 538 406 non
550 357 625 406 deficit
635 359 724 408 burnor.
775 366 837 413 290

149 424 183 474 Et
193 425 283 486 quidam
294 439 356 472 aeros
366 425 454 471 hiberni
464 424 493 471 sd
503 422 596 471 luminis
606 424 673 487 ignes

150 489 283 553 Pervigilat,
293 488 398 550 ferroque
407 487 469 537 faces
479 488 575 551 inspicat
585 495 666 536 acuto:

150 553 249 611 Interea,
259 555 355 616 longum
366 565 435 601 cantu
446 553 519 600 solata
528 553 636 608 laborem,

149 621 243 682 Arguto
253 620 336 681 conjux
346 618 457 679 percurrit
467 618 556 678 pectine
566 618 639 675 telas余

150 686 201 734 Aut
211 685 283 733 dulcis
292 684 360 731 musti
372 682 477 730 Vulcano
488 682 594 742 decoquit
603 682 728 740 humorem,

151 749 185 799 Et
195 750 255 799 foliis
264 750 347 797 undam
358 748 438 811 trepidi
448 747 565 809 despumat
574 747 633 794 aeni.
765 807 768 810 v

151 816 187 864 At
197 815 319 863 rubicunda
330 812 401 862 &rea
410 812 486 859 medio
497 812 619 858 succiditur
630 818 704 870 restu3

151 879 186 929 Et
196 881 269 928 medio
281 886 352 927 tostas
363 885 420 926 aestu
433 877 486 924 terit
496 891 549 924 aren
557 876 643 938 fruges.

150 944 234 993 Nudus
245 959 289 999 nra,
301 959 351 990 sere
360 943 449 990 nudus:
470 942 541 988 hiems
552 942 635 1004 ignava
644 941 735 990 colono.

151 1009 283 1073 Frigoribus
292 1017 358 1070 parto
368 1007 474 1070 agricolae
484 1007 618 1069 plerumque
625 1005 737 1065 fruuntur,
780 1014 837 1058 300

151 1074 280 1136 Mutuaque
288 1074 348 1120 inter
358 1087 383 1119 se
393 1072 441 1119 laeti
452 1072 557 1119 convivia
567 1079 654 1118 curant.

151 1138 239 1187 Invitat
249 1138 344 1202 genialis
354 1138 433 1192 biems,
445 1152 553 1197 curesque
563 1136 670 1193 resolvit3

150 1203 207 1259 cerr,
218 1218 302 1267 pressae
313 1218 365 1250 cum
372 1204 419 1266 jam
431 1209 521 1264 portum
532 1197 629 1263 tetigere
639 1199 732 1259 cirine,

151 1267 267 1333 Puppibus
277 1275 301 1315 et
311 1268 358 1315 laeti
369 1274 445 1315 nautae
454 1264 581 1329 imposudre
591 1280 693 1313 coronas.

152 1334 198 1382 Sed
209 1342 284 1382 tamen
295 1340 318 1380 et
328 1347 424 1395 quernas
434 1332 529 1394 glandes
540 1339 587 1377 tum
598 1332 710 1392 stringere
724 1338 827 1398 tempus,

151 1397 187 1447 Et
196 1399 253 1446 lauri
263 1399 348 1454 baccas,
360 1398 483 1457 oleamque,
495 1403 631 1457 cruentaque
642 1402 730 1457 myrta余

150 1461 213 1512 Tum
224 1464 316 1526 gruibus
326 1462 415 1525 pedicas
426 1471 450 1510 et
460 1462 516 1510 retia
526 1477 610 1525 ponere
620 1461 700 1517 cervis,

151 1528 292 1590 Auritosque
302 1529 364 1590 sequi
374 1529 476 1590 lepores3
494 1535 542 1574 tum
553 1525 623 1589 ligere
635 1526 717 1583 damas,

152 1593 253 1656 stuppea
263 1600 404 1654 torquentem
415 1592 517 1640 Balearis
524 1593 618 1639 verbera
628 1590 719 1650 sunde3
772 1597 826 1645 809

151 1656 212 1708 com
223 1657 264 1705 nix
274 1658 319 1705 alta
324 1658 392 1720 jacet,
403 1658 501 1720 glaciem
512 1670 564 1703 cum
575 1655 670 1703 flumina
679 1656 782 1711 trudunt.

185 1722 248 1778 Quid
258 1728 403 1784 tempestates
412 1721 528 1768 auctumni
539 1729 564 1768 et
574 1721 647 1767 sidera
658 1720 750 1768 dicam?

151 1786 236 1849 Atque,
247 1787 338 1849 ubiJam
348 1785 481 1846 breviorque
491 1785 540 1832 dies
550 1791 574 1831 et
583 1784 672 1832 mollior
682 1793 758 1843 restas

153 1852 214 1908 Quae
224 1852 339 1915 vigilanda
347 1850 421 1898 airis?
438 1849 475 1897 vel
485 1865 538 1896 cum
552 1851 598 1895 ruit
608 1849 747 1897 imbriferum
757 1866 807 1910 ver,

152 1916 233 1979 Spicea
238 1918 287 1980 jam
299 1916 383 1978 campis
393 1930 446 1962 cum
457 1915 537 1963 messis
548 1914 665 1968 inhorruit
676 1921 701 1961 et
712 1931 765 1963 curn

151 1980 276 2029 Frumenta
286 1982 311 2028 in
321 1981 386 2028 viridi
397 1977 480 2040 stipulri
489 1977 596 2026 lactentia
607 1979 719 2040 turgent?

150 2046 218 2109 Saepe
228 2061 280 2108 ego,
292 2061 344 2092 curn
354 2044 419 2092 flavis
429 2058 554 2091 messorem
564 2043 682 2090 induceret
691 2045 754 2093 areis

150 2111 268 2173 Agricola,
279 2118 302 2157 et
312 2109 388 2170 fragili
393 2110 444 2171 jam
453 2108 576 2170 stringeret
586 2108 670 2156 bordea
680 2109 764 2167 culmo,

150 2175 236 2223 Omnia
246 2181 365 2221 ventorum
375 2187 509 2220 concurrere
519 2172 599 2234 proelin
608 2172 670 2231 vidl余

151 2240 214 2294 Quae
223 2239 338 2301 gravidam
349 2238 395 2284 late
405 2244 506 2299 segetem
517 2238 546 2284 ab
555 2237 666 2285 radicibus
677 2238 731 2285 imis

151 2304 252 2352 Sublime
262 2303 378 2365 expulsam
389 2309 509 2360 eruerent余
525 2303 559 2349 ita
570 2304 659 2350 turbine
669 2303 739 2365 nigro
771 2308 820 2353 820

151 2367 231 2417 Ferret
242 2368 312 2415 biems
322 2367 466 2428 culmumque
476 2368 550 2414 levem
559 2368 698 2429 stipulasque
707 2369 818 2418 volantes.

150 2433 217 2495 Saepe
227 2432 294 2479 etiam
305 2432 439 2478 immensum
450 2431 510 2478 coelo
521 2433 584 2479 venit
593 2447 676 2495 agmen
687 2447 800 2494 aquarum,

150 2496 185 2546 Et
194 2497 279 2545 sedan
289 2497 417 2558 glomerant
427 2503 583 2558 tempestatem
594 2497 702 2545 imbribus
712 2499 767 2547 atris

150 2559 262 2611 collectae
272 2576 302 2610 ex
312 2561 358 2609 alto
369 2561 454 2617 nubea3
471 2562 516 2608 ruit
525 2562 608 2609 arduus
618 2563 698 2617 aether,

149 2625 184 2676 Et
193 2624 269 2690 pluvii
278 2626 366 2692 ingenti
375 2631 425 2675 atta
434 2625 488 2675 leta
497 2625 609 2690 botmque
619 2625 707 2677 labores
