1709 2925
121 141 170 185 204
306 133 471 184 AENEIDOS
487 133 539 183 Lm.
548 134 594 184 VI.

120 265 199 328 Dioue
206 265 309 328 Deaeque
320 280 405 319 omnes,
413 267 493 326 quibus
503 266 589 313 obstitit
598 264 667 314 ilium
675 268 787 334 etingens
853 259 854 266 ἵ

122 331 201 392 Gioria
212 331 341 378 Dardania.
374 329 463 392 Tuque,
475 346 489 376 o
501 332 641 380 sanctissima
652 341 723 391 vates,
739 349 743 354 ·

121 395 222 444 Praesoia
231 394 327 452 venturi,
339 395 374 449 da,
386 396 445 457 (non
455 396 553 442 indebita
562 411 632 457 posco
727 403 729 410 ’

121 460 205 523 Regna
215 461 271 506 meis
280 457 344 519 istis)
357 458 424 506 Latio
435 461 551 507 considere
561 459 671 515 Teucros,

120 525 273 586 Errantesque
280 523 352 578 Deos,
364 525 492 586 agitataque
502 526 595 572 numios
605 524 690 589 Trojae,
772 537 774 544 “

120 588 181 638 Tum
194 589 281 637 Pboebo
291 598 315 636 et
325 588 411 636 Triviae
422 590 494 636 solido
505 590 533 636 de
543 581 655 638 marmore
666 592 770 655 tempium

120 652 248 711 locuturam,
258 654 372 716 festosque
382 654 430 700 dies
440 654 469 701 de
479 656 570 701 nomine
581 654 671 702 Phoebi.
751 661 781 705 to

120 718 158 766 Tc
166 735 256 782 quoque
265 734 348 783 magna
358 727 451 765 manent
461 719 537 782 regnis
546 721 668 782 penetralia
678 722 771 770 nostris:

121 784 171 832 Hic
181 800 226 848 ego
237 800 334 846 namque
344 793 395 831 tuas
405 791 486 842 sortes,
498 799 621 845 munusque
631 784 685 842 ists,

119 848 191 897 Dicta
201 865 259 898 meae
269 850 340 913 genti,
350 864 438 911 ponam,
449 849 564 911 lectosque
574 851 672 906 sacrabo,

121 915 196 969 Alma,
207 916 276 963 viros.
302 914 372 961 Foliis
382 921 470 961 tantum
480 929 510 962 ne
520 915 618 962 carmina
628 917 717 972 manda,

121 979 160 1027 Nc
171 981 258 1027 turbata
267 980 344 1026 volent
355 980 436 1040 rapidis
448 979 541 1026 ludibria
550 980 632 1026 ventis.

121 1042 174 1107 Ipsa
185 1059 257 1100 canas,
269 1060 316 1090 oro.
348 1042 428 1090 Finem
441 1044 501 1090 dedit
510 1060 550 1091 ore
560 1044 672 1105 loquendi.

154 1109 193 1162 At,
206 1107 285 1154 Phoebi
297 1108 396 1154 nondum
406 1110 500 1171 patiens,
510 1109 615 1155 immanis
624 1110 649 1155 in
659 1119 725 1159 antro

120 1171 248 1219 Bacchatur
259 1180 327 1227 vates,
338 1188 446 1234 magnum
457 1174 476 1220 si
486 1182 576 1235 pectore
585 1175 657 1236 possit

120 1236 256 1285 Excussisse
264 1236 353 1284 Deum:
372 1245 436 1284 tanto
446 1239 519 1300 magis
530 1239 567 1285 ilie
576 1237 657 1301 fatigat
749 1243 781 1288 7⁹

121 1302 155 1349 Os
166 1303 274 1356 rabidum,
281 1302 329 1349 iera
340 1304 407 1349 corda
417 1303 517 1358 domans,
528 1302 636 1365 fingitque
647 1305 774 1366 premendo.

121 1366 187 1414 Ostia
192 1368 285 1428 Jamque
295 1368 375 1413 domus
385 1366 477 1429 patuire
487 1368 588 1431 ingentia
597 1377 688 1415 centum

122 1432 208 1494 Sponte
219 1429 264 1487 suri,
276 1433 377 1494 vatisque
386 1431 462 1481 ierunt
473 1448 578 1496 responsa
588 1448 628 1496 per
638 1447 718 1483 aursus

122 1497 144 1544 0
156 1497 244 1544 tandem
255 1497 343 1559 magnis
354 1497 427 1560 pelagi
438 1498 542 1546 defuncte
552 1498 654 1561 periclis!

122 1561 168 1608 Sed
178 1559 237 1608 terri
247 1563 350 1624 graviora
360 1572 460 1609 manent.
491 1561 519 1610 In
530 1578 601 1625 regns
612 1562 695 1611 navim

122 1625 260 1675 Dardanidae
270 1627 375 1686 venient;
390 1629 456 1673 mitte
465 1629 523 1674 banc
535 1629 562 1675 de
572 1635 663 1690 pectore
674 1645 765 1690 curam;

122 1691 169 1739 Sed
178 1707 224 1739 non
235 1700 259 1738 et
269 1693 358 1739 venisse
368 1693 452 1739 volent.
483 1692 554 1748 Belia,
565 1694 654 1740 borridn
663 1694 730 1751 bellu,

122 1756 156 1804 Et
166 1755 275 1819 'Ibybrim
285 1757 357 1804 multo
367 1763 508 1820 spumantem
518 1758 630 1821 sanguine
640 1772 718 1806 cerno.

122 1821 178 1869 Non
190 1823 274 1870 Simois
284 1823 331 1878 tibi,
342 1838 384 1870 nec
396 1821 510 1878 Xanthus,
520 1837 562 1869 nec
573 1821 661 1870 Dorica
671 1831 746 1872 casin

123 1885 252 1934 Defuerint
283 1887 350 1935 Alius
361 1887 483 1950 Lstiojam
494 1895 570 1949 partus
581 1887 690 1943 Achilles,

122 1949 198 1998 Natus
209 1952 290 2014 etipse
301 1951 360 2000 Det
392 1951 444 1999 Nec
454 1951 549 1999 Teucris
559 1952 634 1999 addrta
642 1951 707 2001 Juno
755 1956 787 2002 90

124 2014 226 2075 Usquam
237 2018 319 2064 aberit:
338 2032 390 2064 curu
401 2025 426 2064 tu
434 2017 532 2079 suppiex
542 2012 566 2063 in
577 2017 642 2064 rebus
652 2018 734 2080 egenis

123 2079 187 2133 Quss
197 2088 278 2142 gentes
289 2079 380 2137 Italum,
391 2089 430 2129 aut
440 2097 496 2142 quas
507 2097 553 2128 non
564 2083 662 2129 oraveris
672 2082 753 2133 urbes!

123 2142 199 2192 Causa
209 2145 262 2191 mali
272 2148 328 2193 tanti
339 2149 422 2211 conjux
433 2147 521 2202 iterum,
532 2147 620 2208 hospita
629 2144 734 2205 Teucris,

122 2208 263 2269 Extermque
272 2211 354 2257 iterum
364 2212 463 2258 thalassii.
709 2239 714 2247 ι

122 2272 160 2319 Tu
172 2288 201 2320 ue
211 2274 265 2320 cede
275 2275 353 2322 malis:
373 2277 412 2322 sed
423 2283 502 2323 contra
512 2275 628 2324 audentior
638 2276 680 2336 ito,
705 2290 707 2295 ’

123 2335 177 2393 Qud
187 2345 226 2385 tua
236 2346 259 2385 te
269 2337 359 2387 fortuna
369 2342 436 2387 siner.
462 2341 507 2387 Via
517 2342 589 2403 prima
599 2341 690 2397 salutis,

123 2402 193 2457 Quod
203 2403 294 2450 minime
305 2405 366 2460 reris,
378 2404 450 2452 Graiis
459 2406 568 2465 pandetur
578 2407 605 2452 ab
616 2406 678 2455 urbe.

155 2466 249 2515 Talibus
259 2483 288 2515 ex
298 2469 367 2528 adyto
378 2468 444 2515 dictis
455 2468 550 2517 Cumaea
561 2470 646 2531 Sibylla

124 2529 258 2580 Horrendus
266 2534 328 2578 canit
338 2534 450 2595 ambages,
462 2541 570 2594 antroque
580 2535 685 2597 remugit,

124 2593 233 2642 Obscuris
245 2612 296 2645 vera
305 2597 440 2645 involvensz
459 2612 486 2644 ea
495 2595 559 2645 irena
569 2597 652 2646 furenti
744 2603 788 2648 100

126 2654 240 2720 concutit,
252 2669 275 2710 et
287 2661 389 2712 stimulos
400 2663 442 2710 sub
452 2670 544 2725 pectore
553 2664 623 2712 vertit
633 2661 727 2727 Apsus.
