1709 2925
142 127 190 172 106
343 119 508 173 AENEIDOS
525 119 578 169 Lan
590 121 610 168 Ι.

143 253 252 301 Educnnt
262 251 328 307 fetus,
339 260 378 301 aut
389 267 441 299 curn
453 253 562 312 liquemu
572 252 642 299 mella
711 262 715 267 ’

143 319 238 380 Stipant,
250 326 274 363 et
285 317 343 364 dulci
354 317 483 364 distendunt
495 326 585 364 nectare
596 319 681 374 cellas3

143 385 192 431 Aut
203 396 272 434 onera
282 383 394 444 accipiunt
404 383 541 437 venientum,
553 391 593 431 aut
603 386 697 445 agmine
708 383 767 432 lactc
808 398 812 410 *

142 446 265 511 Ignavum,
276 445 348 503 fucos,
358 463 449 510 pecusa
459 449 596 512 praesepibus
606 458 699 506 arcent;
841 469 842 515 ἑ

143 513 227 561 Fervet
238 528 300 574 opus,
312 513 457 574 redolentque
468 514 548 574 thymo
558 513 682 575 fragrantia
693 515 768 563 mella.
841 518 842 567 ἶ

144 578 166 625 Ο
177 577 291 633 fortunati,
302 594 397 639 quorum
404 579 454 640 jam
465 579 550 626 moenia
560 579 670 643 surgunt!

143 637 231 693 AEnea's
243 645 281 699 ait,
292 650 315 689 et
325 643 414 706 fastigia
426 643 518 705 suspicit
530 644 597 692 urbis.
841 676 842 697 q

113 762 116 767 Ι
142 707 216 755 Infert
227 725 251 755 sa
260 717 337 772 septus
348 706 428 757 nebuli
441 708 552 768 (mirabile
563 707 636 768 dictu)
762 713 808 760 489
841 736 842 739 =

144 773 190 821 Per
201 774 293 831 medios,
305 775 429 834 miscetque
439 775 507 832 viris;
524 790 598 835 neque
608 775 708 823 cernitur
718 776 765 822 ulli.
841 786 842 797 ¹

176 838 254 887 Lucus
264 841 288 886 in
299 840 354 887 urbe
363 838 406 887 suit
417 838 497 893 mediis,
505 839 634 887 laetissimus
645 841 738 896 nmbrae,

145 905 199 959 Quo
210 906 313 966 primum,
321 906 400 967 jactati
412 905 478 962 undis
490 912 513 951 et
524 905 618 957 turbine.
631 903 700 955 Poeni

143 967 252 1019 Effodire
262 970 312 1017 loco
324 970 422 1031 signum,
433 970 493 1031 quod
504 971 567 1031 regia
576 968 639 1018 Juno
766 1024 774 1036 θ

142 1032 292 1090 Monstrirat,
304 1044 370 1095 caput
381 1036 439 1081 acris
450 1034 515 1096 equi;
533 1035 565 1085 sic
576 1051 628 1081 nam
639 1033 689 1083 fore
699 1035 758 1083 bello

143 1100 275 1162 Egregium,
287 1108 310 1146 et
320 1099 409 1146 facilem
421 1101 482 1147 victu
492 1116 533 1163 per
544 1099 627 1147 saecula
637 1109 737 1160 gentem.

141 1164 191 1213 Hic
202 1165 310 1226 templum
321 1164 406 1214 Junoni
417 1165 499 1227 ingens
510 1165 603 1212 Sidonia
613 1164 677 1212 Dido

47 1261 49 1265 ·
143 1230 268 1286 Condebat,
280 1231 345 1277 donis
355 1230 486 1292 opulentum
498 1238 522 1276 et
532 1232 625 1277 nurnine
636 1229 715 1285 Divoe,

140 1295 214 1345 AErea
224 1296 259 1343 cui
269 1296 375 1358 gradibus
386 1297 509 1358 surgebant
518 1296 602 1350 limina,
614 1310 725 1358 nexaeque

143 1362 202 1409 AEre
212 1362 300 1419 trabes;
316 1360 402 1408 foribus
410 1361 480 1407 cardo
491 1361 598 1409 stridebat
608 1361 679 1407 aenis.

143 1424 199 1473 Hoc
209 1426 305 1488 primum
317 1426 341 1472 in
352 1425 404 1474 luco
415 1441 476 1474 nova
486 1442 522 1474 res
532 1425 606 1476 oblata
617 1426 723 1473 timorem
763 1425 808 1473 45⁰

142 1490 234 1548 Leniit;
252 1492 288 1537 hic
298 1491 396 1553 primum
406 1492 495 1539 AEneas
506 1507 596 1553 sperare
606 1491 703 1539 salutern

142 1557 227 1611 Ausus,
239 1563 263 1602 et
273 1556 361 1602 afflictis
371 1557 452 1604 melius
463 1557 575 1604 confidere
581 1558 660 1605 rebus.

143 1622 256 1682 Namque,
268 1621 309 1668 sub
321 1622 408 1683 ingenti
419 1622 500 1669 lustrat
512 1623 564 1672 dum
575 1622 667 1684 singula
678 1621 769 1682 templo,

143 1688 259 1751 Reginam
271 1686 395 1748 opperiens,
407 1687 468 1741 dum,
480 1701 531 1748 quae
541 1686 633 1733 fortuna
643 1688 673 1734 sit
684 1688 738 1741 urbi,

140 1752 307 1813 Artificumqne
318 1767 397 1799 manus
408 1752 467 1799 inter
478 1767 509 1804 se,
521 1767 659 1814 operumque
669 1752 774 1806 laborem,

139 1818 248 1871 Miratur,
259 1817 321 1863 videt
331 1814 413 1864 Iliacas
424 1832 454 1862 ex
465 1817 543 1863 ordine
554 1832 650 1878 pugnes,
784 1865 786 1870 ,

138 1882 249 1944 Bellaque
256 1884 304 1945 Jam
316 1880 378 1929 sama
388 1889 461 1929 totum
473 1882 565 1943 vulgata
575 1898 614 1943 per
625 1883 710 1938 orbem,

138 1948 239 2002 Atridas,
251 1947 418 2007 Priamumque,
430 1954 454 1993 et
464 1963 550 1994 saevurn
562 1948 670 1994 ambobus
681 1946 800 1994 Achillem.

137 2010 263 2067 Constitit;
289 2018 312 2059 et
334 2012 469 2075 lacrymans,
493 2011 552 2066 Quis
568 2013 617 2075 jam
639 2013 710 2070 locus,
733 2010 807 2078 inquit

236 2076 332 2131 Acliate,

138 2137 200 2197 Quae
210 2143 274 2203 regio
285 2142 309 2188 in
320 2142 384 2189 terris
395 2143 467 2189 nostri
478 2158 524 2189 non
534 2143 602 2206 plena
612 2142 713 2192 laboris?
761 2142 804 2188 460

137 2206 178 2256 En
190 2204 300 2254 Priamus.
335 2206 393 2254 Sunt
404 2209 441 2255 hic
451 2209 518 2255 etiam
530 2224 571 2255 sua
581 2207 676 2269 praemia
685 2206 763 2263 laudi3

138 2273 198 2321 Sunt
207 2271 315 2330 lacrymae
326 2286 401 2318 rerum
407 2289 415 2330 ;
433 2280 457 2320 et
467 2281 567 2320 mentem
578 2272 681 2319 mortalia
691 2277 792 2335 tangunt.

137 2337 207 2386 solve
217 2343 308 2393 metus;
326 2335 384 2383 seret
394 2339 444 2384 lraec
455 2339 551 2399 aliquam
563 2338 602 2385 tibi
613 2337 673 2386 lama
684 2338 785 2386 salutem.

137 2404 176 2451 Sic
188 2402 224 2457 ait,
235 2410 302 2461 etque
312 2403 411 2449 animum
422 2402 510 2465 picturi
519 2405 591 2464 pascit
600 2403 670 2458 inani,

136 2468 214 2515 Multa
224 2481 325 2528 gemens,
338 2466 446 2528 largoque
457 2470 572 2517 humectat
582 2468 677 2515 flumine
688 2467 785 2515 vultum·

134 2532 243 2592 Namque
253 2532 348 2584 videbat,
360 2532 393 2577 uti
403 2532 513 2579 bellantes
524 2532 637 2595 Pergama
647 2534 734 2581 circum

118 2605 120 2616 ¹
136 2595 191 2642 Hac
201 2596 308 2656 fugerent
320 2595 391 2650 Graii,
402 2604 515 2657 premeret
525 2596 759 2660 Troianajuventuag

133 2657 188 2716 Hac
200 2659 312 2722 Phryges,
324 2660 418 2710 instaret
427 2676 496 2711 curru
506 2662 612 2716 cristatus
623 2661 736 2717 Achilles.
