1709 2925
263 159 428 214 lemnos
446 161 542 212 [Μ’.
693 173 741 219 197

42 296 201 360 Tempestas
212 294 262 342 sine
274 310 338 343 more
347 294 409 351 furit,
419 295 551 359 tonitruque
561 298 696 346 tremiscunt

43 364 145 411 Ardua
155 369 267 410 terrarum
277 368 302 407 et
312 362 399 422 campi3
416 363 462 408 ruit
473 362 556 409 aethere
567 370 616 411 toto
797 400 800 406 ,

45 427 181 475 Turbidus
191 427 263 472 imber
273 423 336 487 aqui,
349 425 469 487 densisque
478 427 615 488 nigerrimus
626 428 734 491 Austris;
749 481 750 486 ,

47 491 240 556 Implenturque
251 506 318 553 super
327 505 425 553 puppes:
445 492 552 540 semiusta
562 495 695 542 madescunt

48 556 173 605 Robore:
195 557 316 603 restinctus
327 555 399 602 donec
408 570 481 618 snper
492 558 580 614 omnin
597 565 621 606 et
632 575 718 615 omnes.

49 622 185 677 Quattuor
195 621 291 675 emissis,
303 628 398 668 sesrstss
409 636 423 667 s
433 629 497 682 peste
507 623 597 670 carium.

89 687 133 734 At
142 694 208 750 puter
218 685 313 741 AEness,
324 700 378 733 essu
388 701 513 733 concussus
523 688 609 742 acerno,
689 692 740 738 700

50 750 137 798 Nune
148 754 194 798 hue
203 752 316 812 ingentes,
328 764 388 797 nune
398 750 453 797 illuc
463 759 555 813 pectore
565 768 630 800 curas

51 813 174 863 Mstnbnt
184 831 279 863 versans
288 832 294 872 ;
314 815 425 863 Siculisne
436 816 543 864 resideret
553 818 622 875 arvis,

53 881 158 929 Oblitus
168 880 274 934 futorum
287 878 386 927 ltnlnsue
397 888 523 941 capesseret
534 897 592 929 ores.

53 943 128 994 Tum
139 947 217 994 senior
227 944 323 999 Nautes,
335 961 405 992 unum
416 944 521 994 Tritonis
533 945 609 995 Psllss
687 971 690 977 ·

56 1011 144 1066 Quem
155 1011 241 1066 docuit,
252 1009 368 1072 multique
379 1012 492 1073 insignem
503 1011 598 1060 reddidit
609 1019 666 1069 arte,

57 1075 129 1124 Hae
139 1091 249 1137 responsa
260 1075 333 1130 debet,
343 1076 381 1123 vel
391 1091 443 1137 quae
453 1078 596 1138 portenderet
604 1078 637 1125 ira

55 1140 156 1205 Magus
168 1140 254 1196 Dellm,
268 1139 305 1187 vel
315 1156 368 1201 quae
377 1139 475 1187 fatorum
485 1151 589 1202 posceret
599 1142 663 1190 ordo.

57 1203 136 1268 Isque
146 1207 183 1253 his
194 1205 285 1252 AEnenn
297 1205 381 1252 solatus
391 1207 484 1252 vocibus
495 1205 556 1254 infit:

57 1269 130 1319 Nate
136 1263 202 1325 Det,
213 1285 260 1331 quo
270 1269 316 1317 ists
327 1270 419 1317 trahunt
433 1270 599 1333 retrahuntque,
611 1285 739 1334 sequemur.

59 1336 184 1398 Quidquid
195 1336 243 1389 erit,
255 1334 380 1398 superanda
392 1335 466 1381 omnis
475 1333 566 1383 fortuna
575 1335 668 1383 ferendo
679 1344 722 1383 est.

60 1400 110 1449 Est
120 1401 162 1448 tibi
174 1399 305 1447 Dardanius
316 1400 399 1447 disinae
411 1399 485 1464 stirpis
496 1399 604 1449 Acestest
689 1405 735 1450 711

61 1465 139 1515 Hune
149 1481 207 1527 cape
216 1466 316 1514 consiliis
327 1467 419 1520 socium,
432 1473 455 1513 et
466 1467 579 1532 conjunge
590 1468 722 1527 volentem;

61 1528 130 1579 Huic
140 1531 212 1586 trude,
224 1531 312 1578 emissis
323 1539 429 1594 superant
440 1532 478 1594 qui
490 1534 590 1589 navibus,
602 1541 625 1581 et
636 1548 695 1595 quos

61 1595 195 1646 Pertsesum
205 1596 285 1659 magni
296 1597 378 1659 incepti
389 1612 509 1659 rerumque
521 1606 609 1646 tuarum
621 1605 670 1656 est;

61 1661 245 1725 laurigerosque
256 1677 328 1717 senes,
340 1677 366 1709 sc
375 1661 448 1710 lessus
460 1679 550 1725 aequore
562 1673 653 1716 matres,

61 1726 97 1775 Et
108 1728 217 1789 quidquid
228 1734 303 1773 tecum
314 1727 437 1774 invalidum
449 1737 597 1790 metuensque
607 1726 685 1790 pericli
692 1732 738 1786 est,

61 1791 152 1855 Delige
158 1810 166 1853 ;
183 1799 206 1839 et
217 1793 251 1838 his
262 1792 357 1840 hnbennt
367 1794 440 1849 terris,
452 1793 509 1850 sine,
521 1794 605 1839 moenia
615 1792 685 1839 sessis

62 1856 152 1906 Urbem
164 1856 307 1919 nppellsbunt
316 1859 426 1920 permisso
438 1859 530 1904 nomine
540 1857 656 1904 Acestam.

93 1922 191 1970 Tamus
201 1923 307 1969 incensus
318 1922 384 1970 dictis
395 1923 491 1969 senioris
502 1922 576 1967 amici.

60 1985 125 2035 Tum
137 1987 227 2035 veroin
238 2002 302 2034 curss
313 1988 414 2035 animum
426 1986 539 2033 diducitur
549 2001 644 2034 omnes:
687 1990 737 2037 720

59 2051 95 2100 Et
106 2051 165 2100 Nox
177 2059 225 2099 atra
234 2052 312 2114 polum
322 2053 382 2117 bigis
393 2053 501 2099 subvecta
511 2052 608 2099 tenebsl.

60 2114 122 2165 Vrsa
132 2118 214 2164 dehine
226 2117 285 2164 eoelo
294 2117 364 2165 facies
376 2117 467 2179 delapsa
477 2117 576 2178 parentis

59 2183 175 2231 Anchisae
185 2182 259 2230 subito
268 2182 327 2230 tales
338 2180 453 2229 effimdere
462 2197 545 2230 voces:

60 2247 131 2302 Nate,
143 2244 199 2293 mihi
211 2245 258 2294 virt
268 2248 390 2309 quondam,
402 2249 456 2294 dum
467 2248 515 2295 vita
525 2247 635 2304 manebat,

61 2311 124 2362 Cere
134 2311 223 2374 megin
241 2320 302 2370 nete,
314 2310 390 2360 lliseis
402 2315 500 2361 exercite
510 2312 579 2371 fstis5

61 2376 164 2441 Imperio
174 2375 242 2431 Jovis
253 2376 298 2425 hue
308 2378 391 2435 veni03
409 2379 448 2440 qui
459 2379 566 2426 classibus
577 2378 655 2439 ignem

61 2442 168 2505 Depulit,
180 2449 203 2489 et
215 2443 274 2490 eoelo
284 2444 374 2492 tandem
386 2445 507 2491 miseratus
518 2444 545 2490 ab
557 2442 603 2489 slto
613 2447 657 2487 est.

63 2506 174 2556 Consiliis
183 2522 244 2569 pure,
256 2524 307 2570 quse
318 2523 379 2556 nunc
389 2510 540 2572 pulcherrirna
551 2506 640 2553 Nautes

63 2571 112 2620 Dst
123 2573 212 2620 seniors
230 2575 303 2621 lectos
309 2574 414 2635 juvenes,
425 2573 551 2620 fortissime
562 2566 637 2617 corda,

63 2637 138 2685 Defer
149 2639 173 2684 in
184 2636 282 2687 Italiam.
309 2639 375 2688 Gens
386 2639 443 2686 durs
453 2649 522 2695 atque
532 2643 611 2693 aspera
621 2626 685 2675 cultu

63 2702 257 2754 Debellsndssibi
267 2703 391 2754 Latione
418 2701 571 2806 Dissrqqen
582 2697 635 2740 rnre
691 2688 737 2737 ssi
