<?xml version="1.0" encoding="UTF-8"?>
<!DOCTYPE html PUBLIC "-//W3C//DTD XHTML 1.0 Transitional//EN"
    "http://www.w3.org/TR/xhtml1/DTD/xhtml1-transitional.dtd">
<html xmlns="http://www.w3.org/1999/xhtml" xml:lang="en" lang="en">
 <head>
  <title>
</title>
<meta http-equiv="Content-Type" content="text/html;charset=utf-8" />
  <meta name='ocr-system' content='tesseract 3.04.00' />
  <meta name='ocr-capabilities' content='ocr_page ocr_carea ocr_par ocr_line ocrx_word'/>
</head>
<body>
  <div class='ocr_page' id='page_1' title='image "./pvirgiliimaroni00heyngoog/pvirgiliimaroni00heyngoog_0227.png"; bbox 0 0 1709 2925; ppageno 0'>
   <div class='ocr_carea' id='block_1_1' title="bbox 224 77 702 178">
    <p class='ocr_par' dir='ltr' id='par_1_1' title="bbox 224 77 702 178">
     <span class='ocr_line' id='line_1_1' title="bbox 224 77 702 178; baseline 0.004 -3"><span class='ocrx_word' id='word_1_1' title='bbox 224 77 389 176; x_wconf 66' lang='lat' dir='ltr'><strong>muamus</strong></span> <span class='ocrx_word' id='word_1_2' title='bbox 404 119 514 176; x_wconf 73' lang='lat' dir='ltr'><strong>LrsVI.</strong></span> <span class='ocrx_word' id='word_1_3' title='bbox 655 130 702 178; x_wconf 76' lang='lat'><strong>217</strong></span> 
     </span>
    </p>
   </div>
   <div class='ocr_carea' id='block_1_2' title="bbox 21 255 672 380">
    <p class='ocr_par' dir='ltr' id='par_1_2' title="bbox 21 255 672 380">
     <span class='ocr_line' id='line_1_2' title="bbox 21 255 672 320; baseline -0.003 -14"><span class='ocrx_word' id='word_1_4' title='bbox 21 255 174 317; x_wconf 67' lang='lat' dir='ltr'><strong>Discedam</strong></span> <span class='ocrx_word' id='word_1_5' title='bbox 192 258 286 320; x_wconf 83' lang='lat' dir='ltr'>explebo</span> <span class='ocrx_word' id='word_1_6' title='bbox 296 272 422 313; x_wconf 75' lang='lat' dir='ltr'><strong>numerum,</strong></span> <span class='ocrx_word' id='word_1_7' title='bbox 434 257 556 320; x_wconf 78' lang='lat' dir='ltr'><strong>reddarque</strong></span> <span class='ocrx_word' id='word_1_8' title='bbox 566 257 672 305; x_wconf 84' lang='lat' dir='ltr'><strong>tenebris.</strong></span> 
     </span>
     <span class='ocr_line' id='line_1_3' title="bbox 24 322 580 380; baseline 0 -10"><span class='ocrx_word' id='word_1_9' title='bbox 24 322 44 370; x_wconf 95' lang='lat'>1</span> <span class='ocrx_word' id='word_1_10' title='bbox 58 323 135 379; x_wconf 82' lang='lat' dir='ltr'><strong>decus,</strong></span> <span class='ocrx_word' id='word_1_11' title='bbox 146 324 161 379; x_wconf 87' lang='lat' dir='ltr'><strong>i,</strong></span> <span class='ocrx_word' id='word_1_12' title='bbox 173 331 291 380; x_wconf 76' lang='lat' dir='ltr'><strong>nostrum3</strong></span> <span class='ocrx_word' id='word_1_13' title='bbox 308 323 437 369; x_wconf 88' lang='lat' dir='ltr'><strong>melioribus</strong></span> <span class='ocrx_word' id='word_1_14' title='bbox 447 330 511 370; x_wconf 85' lang='lat' dir='ltr'><strong>utere</strong></span> <span class='ocrx_word' id='word_1_15' title='bbox 520 322 580 370; x_wconf 83' lang='lat' dir='ltr'><strong>fatis.</strong></span> 
     </span>
    </p>
   </div>
   <div class='ocr_carea' id='block_1_3' title="bbox 24 377 629 450">
    <p class='ocr_par' dir='ltr' id='par_1_3' title="bbox 24 377 629 450">
     <span class='ocr_line' id='line_1_4' title="bbox 24 377 629 450; baseline -0.002 -14"><span class='ocrx_word' id='word_1_16' title='bbox 24 387 136 436; x_wconf 75' lang='lat' dir='ltr'><strong>Tantum</strong></span> <span class='ocrx_word' id='word_1_17' title='bbox 147 377 235 443; x_wconf 60' lang='lat' dir='ltr'><strong>effetus,</strong></span> <span class='ocrx_word' id='word_1_18' title='bbox 244 395 267 434; x_wconf 90' lang='lat' dir='ltr'><strong>et</strong></span> <span class='ocrx_word' id='word_1_19' title='bbox 278 389 302 434; x_wconf 89' lang='lat' dir='ltr'><strong>in</strong></span> <span class='ocrx_word' id='word_1_20' title='bbox 312 389 381 434; x_wconf 78' lang='lat' dir='ltr'><strong>verbo</strong></span> <span class='ocrx_word' id='word_1_21' title='bbox 391 389 489 450; x_wconf 78' lang='lat' dir='ltr'><strong>vestigio</strong></span> <span class='ocrx_word' id='word_1_22' title='bbox 498 389 572 435; x_wconf 78' lang='lat' dir='ltr'><strong>torsit.</strong></span> <span class='ocrx_word' id='word_1_23' title='bbox 627 411 629 416; x_wconf 95' lang='lat'><em>·</em></span> 
     </span>
    </p>
   </div>
   <div class='ocr_carea' id='block_1_4' title="bbox 29 451 734 2660">
    <p class='ocr_par' dir='ltr' id='par_1_4' title="bbox 29 451 734 1361">
     <span class='ocr_line' id='line_1_5' title="bbox 66 451 615 516; baseline -0.002 -15"><span class='ocrx_word' id='word_1_24' title='bbox 66 453 172 516; x_wconf 81' lang='lat' dir='ltr'><strong>Respicit</strong></span> <span class='ocrx_word' id='word_1_25' title='bbox 183 453 271 500; x_wconf 84' lang='lat' dir='ltr'><strong>AEneas</strong></span> <span class='ocrx_word' id='word_1_26' title='bbox 282 453 361 506; x_wconf 82' lang='lat' dir='ltr'><strong>mbito,</strong></span> <span class='ocrx_word' id='word_1_27' title='bbox 373 459 396 499; x_wconf 86' lang='lat' dir='ltr'><strong>et</strong></span> <span class='ocrx_word' id='word_1_28' title='bbox 407 453 449 499; x_wconf 88' lang='lat' dir='ltr'><strong>sub</strong></span> <span class='ocrx_word' id='word_1_29' title='bbox 459 468 514 515; x_wconf 87' lang='lat' dir='ltr'><strong>rupe</strong></span> <span class='ocrx_word' id='word_1_30' title='bbox 524 451 615 500; x_wconf 73' lang='lat' dir='ltr'><strong>sinistri</strong></span> 
     </span>
     <span class='ocr_line' id='line_1_6' title="bbox 29 516 734 580; baseline 0 -15"><span class='ocrx_word' id='word_1_31' title='bbox 29 516 126 566; x_wconf 76' lang='lat' dir='ltr'><strong>Moenia</strong></span> <span class='ocrx_word' id='word_1_32' title='bbox 136 519 183 566; x_wconf 88' lang='lat' dir='ltr'><strong>lata</strong></span> <span class='ocrx_word' id='word_1_33' title='bbox 194 518 262 573; x_wconf 84' lang='lat' dir='ltr'><strong>videt,</strong></span> <span class='ocrx_word' id='word_1_34' title='bbox 273 518 354 580; x_wconf 82' lang='lat' dir='ltr'><strong>triplici</strong></span> <span class='ocrx_word' id='word_1_35' title='bbox 364 517 502 564; x_wconf 82' lang='lat' dir='ltr'><strong>circumdata</strong></span> <span class='ocrx_word' id='word_1_36' title='bbox 510 532 590 575; x_wconf 82' lang='lat' dir='ltr'><strong>muro3</strong></span> <span class='ocrx_word' id='word_1_37' title='bbox 731 571 734 577; x_wconf 48' lang='grc'><em>,</em></span> 
     </span>
     <span class='ocr_line' id='line_1_7' title="bbox 32 581 704 646; baseline 0.003 -16"><span class='ocrx_word' id='word_1_38' title='bbox 32 582 95 637; x_wconf 75' lang='lat' dir='ltr'><strong>Quae</strong></span> <span class='ocrx_word' id='word_1_39' title='bbox 106 584 198 646; x_wconf 83' lang='lat' dir='ltr'><strong>rupidus</strong></span> <span class='ocrx_word' id='word_1_40' title='bbox 208 581 306 630; x_wconf 76' lang='lat' dir='ltr'><strong>flammis</strong></span> <span class='ocrx_word' id='word_1_41' title='bbox 317 582 385 629; x_wconf 87' lang='lat' dir='ltr'><strong>ambit</strong></span> <span class='ocrx_word' id='word_1_42' title='bbox 395 582 531 629; x_wconf 77' lang='lat' dir='ltr'><strong>torrentibus</strong></span> <span class='ocrx_word' id='word_1_43' title='bbox 542 583 615 631; x_wconf 81' lang='lat' dir='ltr'><strong>arnnls</strong></span> <span class='ocrx_word' id='word_1_44' title='bbox 654 586 704 632; x_wconf 80' lang='lat'><strong>550</strong></span> 
     </span>
     <span class='ocr_line' id='line_1_8' title="bbox 32 646 652 709; baseline 0.002 -15"><span class='ocrx_word' id='word_1_45' title='bbox 32 646 159 696; x_wconf 76' lang='lat' dir='ltr'><strong>Tartareus</strong></span> <span class='ocrx_word' id='word_1_46' title='bbox 170 647 321 709; x_wconf 77' lang='lat' dir='ltr'><strong>Phlegethon,</strong></span> <span class='ocrx_word' id='word_1_47' title='bbox 332 654 467 708; x_wconf 78' lang='lat' dir='ltr'><strong>torquetque</strong></span> <span class='ocrx_word' id='word_1_48' title='bbox 477 648 580 695; x_wconf 82' lang='lat' dir='ltr'><strong>sonantia</strong></span> <span class='ocrx_word' id='word_1_49' title='bbox 590 661 652 695; x_wconf 83' lang='lat' dir='ltr'><strong>saxa.</strong></span> 
     </span>
     <span class='ocr_line' id='line_1_9' title="bbox 33 711 703 774; baseline 0.003 -15"><span class='ocrx_word' id='word_1_50' title='bbox 33 711 218 767; x_wconf 81' lang='lat' dir='ltr'><strong>Portaadversu,</strong></span> <span class='ocrx_word' id='word_1_51' title='bbox 227 714 315 774; x_wconf 79' lang='lat' dir='ltr'><strong>ingens,</strong></span> <span class='ocrx_word' id='word_1_52' title='bbox 324 712 440 772; x_wconf 83' lang='lat' dir='ltr'><strong>solidoque</strong></span> <span class='ocrx_word' id='word_1_53' title='bbox 450 711 568 758; x_wconf 81' lang='lat' dir='ltr'><strong>adsmante</strong></span> <span class='ocrx_word' id='word_1_54' title='bbox 578 712 703 771; x_wconf 76' lang='lat' dir='ltr'><strong>columnae3</strong></span> 
     </span>
     <span class='ocr_line' id='line_1_10' title="bbox 34 776 605 833; baseline 0.002 -10"><span class='ocrx_word' id='word_1_55' title='bbox 34 777 77 825; x_wconf 86' lang='lat' dir='ltr'><strong>Vis</strong></span> <span class='ocrx_word' id='word_1_56' title='bbox 89 786 115 825; x_wconf 91' lang='lat' dir='ltr'><strong>ut</strong></span> <span class='ocrx_word' id='word_1_57' title='bbox 127 777 191 828; x_wconf 88' lang='lat' dir='ltr'><strong>nulla</strong></span> <span class='ocrx_word' id='word_1_58' title='bbox 200 776 282 833; x_wconf 83' lang='lat' dir='ltr'><strong>virdm,</strong></span> <span class='ocrx_word' id='word_1_59' title='bbox 293 777 357 824; x_wconf 93' lang='lat' dir='ltr'><strong>noni</strong></span> <span class='ocrx_word' id='word_1_60' title='bbox 384 777 391 788; x_wconf 86' lang='lat'><strong><em>&#39;</em></strong></span> <span class='ocrx_word' id='word_1_61' title='bbox 402 776 534 823; x_wconf 75' lang='lat' dir='ltr'>exscindere</span> <span class='ocrx_word' id='word_1_62' title='bbox 544 776 605 824; x_wconf 82' lang='lat' dir='ltr'><strong>ferro</strong></span> 
     </span>
     <span class='ocr_line' id='line_1_11' title="bbox 36 841 639 902; baseline -0.003 -11"><span class='ocrx_word' id='word_1_63' title='bbox 36 841 156 891; x_wconf 77' lang='lat' dir='ltr'><strong>coelieolae</strong></span> <span class='ocrx_word' id='word_1_64' title='bbox 166 842 266 889; x_wconf 78' lang='lat' dir='ltr'><strong>valeam.</strong></span> <span class='ocrx_word' id='word_1_65' title='bbox 298 841 349 889; x_wconf 80' lang='lat' dir='ltr'><strong>Stat</strong></span> <span class='ocrx_word' id='word_1_66' title='bbox 367 857 431 888; x_wconf 76' lang='lat' dir='ltr'><strong>erres</strong></span> <span class='ocrx_word' id='word_1_67' title='bbox 442 843 509 888; x_wconf 87' lang='lat' dir='ltr'><strong>turris</strong></span> <span class='ocrx_word' id='word_1_68' title='bbox 520 841 548 888; x_wconf 86' lang='lat' dir='ltr'><strong>ad</strong></span> <span class='ocrx_word' id='word_1_69' title='bbox 558 856 639 902; x_wconf 80' lang='lat' dir='ltr'><strong>auras3</strong></span> 
     </span>
     <span class='ocr_line' id='line_1_12' title="bbox 34 904 607 970; baseline 0 -17"><span class='ocrx_word' id='word_1_70' title='bbox 34 906 205 970; x_wconf 77' lang='lat' dir='ltr'><strong>Tisiphoneque</strong></span> <span class='ocrx_word' id='word_1_71' title='bbox 215 908 302 962; x_wconf 85' lang='lat' dir='ltr'><strong>redens,</strong></span> <span class='ocrx_word' id='word_1_72' title='bbox 312 904 374 970; x_wconf 82' lang='lat' dir='ltr'><strong>pulld</strong></span> <span class='ocrx_word' id='word_1_73' title='bbox 383 908 497 954; x_wconf 84' lang='lat' dir='ltr'><strong>succincta</strong></span> <span class='ocrx_word' id='word_1_74' title='bbox 507 905 607 962; x_wconf 70' lang='lat' dir='ltr'><strong>cruenti,</strong></span> 
     </span>
     <span class='ocr_line' id='line_1_13' title="bbox 36 971 637 1034; baseline 0.005 -17"><span class='ocrx_word' id='word_1_75' title='bbox 36 971 181 1020; x_wconf 74' lang='lat' dir='ltr'><strong>Vestibulum</strong></span> <span class='ocrx_word' id='word_1_76' title='bbox 192 972 308 1019; x_wconf 65' lang='lat' dir='ltr'><strong>arumnis</strong></span> <span class='ocrx_word' id='word_1_77' title='bbox 318 979 394 1019; x_wconf 82' lang='lat' dir='ltr'><strong>serrat</strong></span> <span class='ocrx_word' id='word_1_78' title='bbox 404 979 528 1034; x_wconf 82' lang='lat' dir='ltr'><strong>noctesque</strong></span> <span class='ocrx_word' id='word_1_79' title='bbox 537 972 637 1034; x_wconf 85' lang='lat' dir='ltr'><strong>diesque.</strong></span> 
     </span>
     <span class='ocr_line' id='line_1_14' title="bbox 36 1036 528 1099; baseline 0 -15"><span class='ocrx_word' id='word_1_80' title='bbox 36 1036 99 1085; x_wconf 82' lang='lat' dir='ltr'><strong>Hine</strong></span> <span class='ocrx_word' id='word_1_81' title='bbox 110 1037 213 1085; x_wconf 82' lang='lat' dir='ltr'><strong>exaudiri</strong></span> <span class='ocrx_word' id='word_1_82' title='bbox 224 1037 329 1099; x_wconf 78' lang='lat' dir='ltr'><strong>gemitus,</strong></span> <span class='ocrx_word' id='word_1_83' title='bbox 341 1044 364 1083; x_wconf 88' lang='lat' dir='ltr'><strong>et</strong></span> <span class='ocrx_word' id='word_1_84' title='bbox 375 1051 437 1083; x_wconf 79' lang='lat' dir='ltr'><strong>saeva</strong></span> <span class='ocrx_word' id='word_1_85' title='bbox 448 1052 528 1084; x_wconf 66' lang='lat' dir='ltr'><strong>sonae</strong></span> 
     </span>
     <span class='ocr_line' id='line_1_15' title="bbox 36 1096 624 1164; baseline 0.002 -15"><span class='ocrx_word' id='word_1_86' title='bbox 36 1101 152 1150; x_wconf 79' lang='lat' dir='ltr'><strong>Verbera:</strong></span> <span class='ocrx_word' id='word_1_87' title='bbox 172 1109 223 1149; x_wconf 85' lang='lat' dir='ltr'><strong>turn</strong></span> <span class='ocrx_word' id='word_1_88' title='bbox 234 1102 316 1149; x_wconf 86' lang='lat' dir='ltr'><strong>stridor</strong></span> <span class='ocrx_word' id='word_1_89' title='bbox 325 1101 385 1158; x_wconf 78' lang='lat' dir='ltr'><strong>ferri,</strong></span> <span class='ocrx_word' id='word_1_90' title='bbox 397 1096 520 1164; x_wconf 72' lang='lat' dir='ltr'><strong>tractisque</strong></span> <span class='ocrx_word' id='word_1_91' title='bbox 530 1109 624 1150; x_wconf 76' lang='lat' dir='ltr'><strong>ostense.</strong></span> 
     </span>
     <span class='ocr_line' id='line_1_16' title="bbox 37 1165 649 1229; baseline -0.002 -13"><span class='ocrx_word' id='word_1_92' title='bbox 37 1165 147 1216; x_wconf 83' lang='lat' dir='ltr'><strong>Constitit</strong></span> <span class='ocrx_word' id='word_1_93' title='bbox 158 1166 254 1221; x_wconf 81' lang='lat' dir='ltr'><strong>AEneas,</strong></span> <span class='ocrx_word' id='word_1_94' title='bbox 266 1167 427 1229; x_wconf 75' lang='lat' dir='ltr'><strong>strepitumque</strong></span> <span class='ocrx_word' id='word_1_95' title='bbox 438 1168 558 1215; x_wconf 80' lang='lat' dir='ltr'><strong>exterritus</strong></span> <span class='ocrx_word' id='word_1_96' title='bbox 568 1168 649 1215; x_wconf 73' lang='lat' dir='ltr'><strong>bausit.</strong></span> 
     </span>
     <span class='ocr_line' id='line_1_17' title="bbox 37 1230 706 1294; baseline 0 -13"><span class='ocrx_word' id='word_1_97' title='bbox 37 1233 96 1287; x_wconf 80' lang='lat' dir='ltr'><strong>Quae</strong></span> <span class='ocrx_word' id='word_1_98' title='bbox 106 1233 221 1280; x_wconf 81' lang='lat' dir='ltr'><strong>scelerum</strong></span> <span class='ocrx_word' id='word_1_99' title='bbox 231 1231 319 1279; x_wconf 79' lang='lat' dir='ltr'><strong>lanies?</strong></span> <span class='ocrx_word' id='word_1_100' title='bbox 336 1232 434 1294; x_wconf 79' lang='lat' dir='ltr'><strong>ovirgo,</strong></span> <span class='ocrx_word' id='word_1_101' title='bbox 442 1230 522 1289; x_wconf 77' lang='lat' dir='ltr'><strong>effnre3</strong></span> <span class='ocrx_word' id='word_1_102' title='bbox 533 1233 641 1294; x_wconf 77' lang='lat' dir='ltr'><strong>quibusve</strong></span> <span class='ocrx_word' id='word_1_103' title='bbox 656 1234 706 1281; x_wconf 76' lang='lat'><strong>560</strong></span> 
     </span>
     <span class='ocr_line' id='line_1_18' title="bbox 37 1296 642 1361; baseline -0.007 -16"><span class='ocrx_word' id='word_1_104' title='bbox 37 1297 159 1361; x_wconf 79' lang='lat' dir='ltr'><strong>Urgentur</strong></span> <span class='ocrx_word' id='word_1_105' title='bbox 168 1296 261 1359; x_wconf 83' lang='lat' dir='ltr'><strong>poenis?</strong></span> <span class='ocrx_word' id='word_1_106' title='bbox 277 1298 314 1358; x_wconf 90' lang='lat' dir='ltr'><strong>qui</strong></span> <span class='ocrx_word' id='word_1_107' title='bbox 326 1305 402 1344; x_wconf 83' lang='lat' dir='ltr'><strong>tantus</strong></span> <span class='ocrx_word' id='word_1_108' title='bbox 412 1297 509 1359; x_wconf 73' lang='lat' dir='ltr'><strong>plangor</strong></span> <span class='ocrx_word' id='word_1_109' title='bbox 519 1296 547 1343; x_wconf 90' lang='lat' dir='ltr'><strong>ad</strong></span> <span class='ocrx_word' id='word_1_110' title='bbox 558 1296 642 1343; x_wconf 78' lang='lat' dir='ltr'><strong>auras?</strong></span> 
     </span>
    </p>

    <p class='ocr_par' dir='ltr' id='par_1_5' title="bbox 36 1360 705 1555">
     <span class='ocr_line' id='line_1_19' title="bbox 67 1360 705 1424; baseline -0.003 -13"><span class='ocrx_word' id='word_1_111' title='bbox 67 1360 130 1411; x_wconf 90' lang='lat' dir='ltr'><strong>Tum</strong></span> <span class='ocrx_word' id='word_1_112' title='bbox 142 1371 208 1410; x_wconf 84' lang='lat' dir='ltr'><strong>vates</strong></span> <span class='ocrx_word' id='word_1_113' title='bbox 219 1363 251 1409; x_wconf 86' lang='lat' dir='ltr'><strong>sio</strong></span> <span class='ocrx_word' id='word_1_114' title='bbox 262 1377 313 1409; x_wconf 81' lang='lat' dir='ltr'><strong>orsa</strong></span> <span class='ocrx_word' id='word_1_115' title='bbox 323 1362 399 1424; x_wconf 81' lang='lat' dir='ltr'><strong>loqui:</strong></span> <span class='ocrx_word' id='word_1_116' title='bbox 419 1361 477 1408; x_wconf 83' lang='lat' dir='ltr'><strong>Dux</strong></span> <span class='ocrx_word' id='word_1_117' title='bbox 487 1362 573 1422; x_wconf 80' lang='lat' dir='ltr'><strong>inclyte</strong></span> <span class='ocrx_word' id='word_1_118' title='bbox 583 1360 705 1418; x_wconf 69' lang='lat' dir='ltr'><strong>Teucrum,</strong></span> 
     </span>
     <span class='ocr_line' id='line_1_20' title="bbox 36 1426 575 1484; baseline -0.004 -7"><span class='ocrx_word' id='word_1_119' title='bbox 36 1426 101 1477; x_wconf 80' lang='lat' dir='ltr'><strong>Nulli</strong></span> <span class='ocrx_word' id='word_1_120' title='bbox 112 1427 149 1475; x_wconf 81' lang='lat' dir='ltr'><strong>fas</strong></span> <span class='ocrx_word' id='word_1_121' title='bbox 159 1435 224 1476; x_wconf 82' lang='lat' dir='ltr'><strong>carto</strong></span> <span class='ocrx_word' id='word_1_122' title='bbox 235 1427 367 1476; x_wconf 77' lang='lat' dir='ltr'><strong>sceleratum</strong></span> <span class='ocrx_word' id='word_1_123' title='bbox 377 1427 482 1475; x_wconf 72' lang='lat' dir='ltr'><strong>insistere</strong></span> <span class='ocrx_word' id='word_1_124' title='bbox 491 1427 575 1484; x_wconf 69' lang='lat' dir='ltr'><strong>limem</strong></span> 
     </span>
     <span class='ocr_line' id='line_1_21' title="bbox 37 1491 639 1555; baseline -0.003 -13"><span class='ocrx_word' id='word_1_125' title='bbox 37 1494 82 1542; x_wconf 85' lang='lat' dir='ltr'><strong>Sed</strong></span> <span class='ocrx_word' id='word_1_126' title='bbox 92 1509 132 1541; x_wconf 90' lang='lat' dir='ltr'><strong>me</strong></span> <span class='ocrx_word' id='word_1_127' title='bbox 143 1509 197 1541; x_wconf 85' lang='lat' dir='ltr'><strong>curn</strong></span> <span class='ocrx_word' id='word_1_128' title='bbox 208 1493 264 1540; x_wconf 85' lang='lat' dir='ltr'><strong>lucis</strong></span> <span class='ocrx_word' id='word_1_129' title='bbox 276 1491 367 1555; x_wconf 82' lang='lat' dir='ltr'><strong>Hecate</strong></span> <span class='ocrx_word' id='word_1_130' title='bbox 376 1492 478 1555; x_wconf 66' lang='lat' dir='ltr'><strong>maelecit</strong></span> <span class='ocrx_word' id='word_1_131' title='bbox 488 1493 593 1548; x_wconf 74' lang='lat' dir='ltr'><strong>Auernis,</strong></span> <span class='ocrx_word' id='word_1_132' title='bbox 636 1496 639 1501; x_wconf 80' lang='grc'><strong><em>’</em></strong></span> 
     </span>
    </p>

    <p class='ocr_par' dir='ltr' id='par_1_6' title="bbox 36 1557 706 1752">
     <span class='ocr_line' id='line_1_22' title="bbox 36 1557 625 1622; baseline -0.003 -15"><span class='ocrx_word' id='word_1_133' title='bbox 36 1557 89 1622; x_wconf 83' lang='lat' dir='ltr'><strong>Ipsa</strong></span> <span class='ocrx_word' id='word_1_134' title='bbox 100 1558 183 1607; x_wconf 79' lang='lat' dir='ltr'><strong>Dedm</strong></span> <span class='ocrx_word' id='word_1_135' title='bbox 193 1572 273 1620; x_wconf 83' lang='lat' dir='ltr'><strong>poenns</strong></span> <span class='ocrx_word' id='word_1_136' title='bbox 282 1558 365 1613; x_wconf 78' lang='lat' dir='ltr'><strong>docuit,</strong></span> <span class='ocrx_word' id='word_1_137' title='bbox 375 1574 460 1620; x_wconf 86' lang='lat' dir='ltr'><strong>perque</strong></span> <span class='ocrx_word' id='word_1_138' title='bbox 470 1559 546 1605; x_wconf 86' lang='lat' dir='ltr'><strong>omnia</strong></span> <span class='ocrx_word' id='word_1_139' title='bbox 554 1558 625 1605; x_wconf 86' lang='lat' dir='ltr'><strong>duxit.</strong></span> 
     </span>
     <span class='ocr_line' id='line_1_23' title="bbox 38 1622 706 1685; baseline -0.003 -13"><span class='ocrx_word' id='word_1_140' title='bbox 38 1625 154 1673; x_wconf 88' lang='lat' dir='ltr'><strong>Gnossins</strong></span> <span class='ocrx_word' id='word_1_141' title='bbox 165 1624 216 1671; x_wconf 83' lang='lat' dir='ltr'><strong>lraeo</strong></span> <span class='ocrx_word' id='word_1_142' title='bbox 226 1622 412 1670; x_wconf 78' lang='lat' dir='ltr'><strong>Rhadamanthus</strong></span> <span class='ocrx_word' id='word_1_143' title='bbox 423 1625 490 1670; x_wconf 84' lang='lat' dir='ltr'><strong>habet</strong></span> <span class='ocrx_word' id='word_1_144' title='bbox 499 1623 617 1670; x_wconf 82' lang='lat' dir='ltr'><strong>durissima</strong></span> <span class='ocrx_word' id='word_1_145' title='bbox 628 1636 706 1685; x_wconf 81' lang='lat' dir='ltr'><strong>regna,</strong></span> 
     </span>
     <span class='ocr_line' id='line_1_24' title="bbox 38 1687 625 1752; baseline -0.005 -14"><span class='ocrx_word' id='word_1_146' title='bbox 38 1688 196 1752; x_wconf 78' lang='lat' dir='ltr'><strong>Castigatque,</strong></span> <span class='ocrx_word' id='word_1_147' title='bbox 208 1688 313 1750; x_wconf 87' lang='lat' dir='ltr'><strong>auditque</strong></span> <span class='ocrx_word' id='word_1_148' title='bbox 320 1688 399 1745; x_wconf 86' lang='lat' dir='ltr'><strong>dolns;</strong></span> <span class='ocrx_word' id='word_1_149' title='bbox 416 1689 544 1750; x_wconf 86' lang='lat' dir='ltr'><strong>subigitque</strong></span> <span class='ocrx_word' id='word_1_150' title='bbox 552 1687 625 1743; x_wconf 77' lang='lat' dir='ltr'><strong>fateri,</strong></span> 
     </span>
    </p>

    <p class='ocr_par' dir='ltr' id='par_1_7' title="bbox 39 1752 593 1816">
     <span class='ocr_line' id='line_1_25' title="bbox 39 1752 593 1816; baseline -0.005 -15"><span class='ocrx_word' id='word_1_151' title='bbox 39 1754 99 1809; x_wconf 73' lang='lat' dir='ltr'><strong>Quae</strong></span> <span class='ocrx_word' id='word_1_152' title='bbox 110 1754 162 1816; x_wconf 91' lang='lat' dir='ltr'><strong>quis</strong></span> <span class='ocrx_word' id='word_1_153' title='bbox 173 1753 232 1815; x_wconf 91' lang='lat' dir='ltr'><strong>apud</strong></span> <span class='ocrx_word' id='word_1_154' title='bbox 243 1755 341 1815; x_wconf 82' lang='lat' dir='ltr'><strong>superos,</strong></span> <span class='ocrx_word' id='word_1_155' title='bbox 351 1752 413 1801; x_wconf 79' lang='lat' dir='ltr'><strong>furto</strong></span> <span class='ocrx_word' id='word_1_156' title='bbox 423 1754 515 1800; x_wconf 81' lang='lat' dir='ltr'><strong>laetatus</strong></span> <span class='ocrx_word' id='word_1_157' title='bbox 525 1753 593 1807; x_wconf 87' lang='lat' dir='ltr'><strong>inani,</strong></span> 
     </span>
    </p>

    <p class='ocr_par' dir='ltr' id='par_1_8' title="bbox 37 1818 734 2075">
     <span class='ocr_line' id='line_1_26' title="bbox 37 1818 734 1880; baseline -0.007 -13"><span class='ocrx_word' id='word_1_158' title='bbox 37 1818 138 1867; x_wconf 87' lang='lat' dir='ltr'><strong>Distulit</strong></span> <span class='ocrx_word' id='word_1_159' title='bbox 148 1821 172 1865; x_wconf 87' lang='lat' dir='ltr'><strong>in</strong></span> <span class='ocrx_word' id='word_1_160' title='bbox 184 1831 256 1864; x_wconf 72' lang='lat' dir='ltr'><strong>oersm</strong></span> <span class='ocrx_word' id='word_1_161' title='bbox 268 1818 388 1866; x_wconf 81' lang='lat' dir='ltr'><strong>commissa</strong></span> <span class='ocrx_word' id='word_1_162' title='bbox 396 1818 485 1880; x_wconf 70' lang='lat' dir='ltr'><strong>piacms</strong></span> <span class='ocrx_word' id='word_1_163' title='bbox 494 1824 598 1863; x_wconf 86' lang='lat' dir='ltr'><strong>mortem.</strong></span> <span class='ocrx_word' id='word_1_164' title='bbox 733 1860 734 1863; x_wconf 75' lang='grc'>,</span> 
     </span>
     <span class='ocr_line' id='line_1_27' title="bbox 40 1880 707 1943; baseline -0.01 -10"><span class='ocrx_word' id='word_1_165' title='bbox 40 1882 158 1933; x_wconf 84' lang='lat' dir='ltr'><strong>Continuo</strong></span> <span class='ocrx_word' id='word_1_166' title='bbox 170 1889 248 1930; x_wconf 91' lang='lat' dir='ltr'><strong>sontes</strong></span> <span class='ocrx_word' id='word_1_167' title='bbox 259 1883 335 1938; x_wconf 79' lang='lat' dir='ltr'><strong>ultrix,</strong></span> <span class='ocrx_word' id='word_1_168' title='bbox 346 1884 447 1930; x_wconf 71' lang='lat' dir='ltr'><strong>seducta</strong></span> <span class='ocrx_word' id='word_1_169' title='bbox 456 1880 555 1943; x_wconf 80' lang='lat' dir='ltr'><strong>flagello,</strong></span> <span class='ocrx_word' id='word_1_170' title='bbox 658 1881 707 1927; x_wconf 82' lang='lat'><strong>⁵70</strong></span> 
     </span>
     <span class='ocr_line' id='line_1_28' title="bbox 38 1943 612 2012; baseline -0.009 -17"><span class='ocrx_word' id='word_1_171' title='bbox 38 1947 166 2012; x_wconf 65' lang='lat' dir='ltr'><strong>Tisiphone</strong></span> <span class='ocrx_word' id='word_1_172' title='bbox 175 1948 248 2009; x_wconf 84' lang='lat' dir='ltr'><strong>quatit</strong></span> <span class='ocrx_word' id='word_1_173' title='bbox 257 1948 374 2003; x_wconf 87' lang='lat' dir='ltr'><strong>insultans,</strong></span> <span class='ocrx_word' id='word_1_174' title='bbox 385 1955 509 2007; x_wconf 86' lang='lat' dir='ltr'><strong>torvosque</strong></span> <span class='ocrx_word' id='word_1_175' title='bbox 522 1943 612 1992; x_wconf 77' lang='lat' dir='ltr'><strong>sinistri</strong></span> 
     </span>
     <span class='ocr_line' id='line_1_29' title="bbox 38 2011 635 2075; baseline -0.008 -14"><span class='ocrx_word' id='word_1_176' title='bbox 38 2011 161 2061; x_wconf 86' lang='lat' dir='ltr'><strong>Intentans</strong></span> <span class='ocrx_word' id='word_1_177' title='bbox 171 2026 264 2075; x_wconf 76' lang='lat' dir='ltr'><strong>angues,</strong></span> <span class='ocrx_word' id='word_1_178' title='bbox 275 2019 342 2061; x_wconf 80' lang='lat' dir='ltr'><strong>vocat</strong></span> <span class='ocrx_word' id='word_1_179' title='bbox 351 2013 444 2075; x_wconf 80' lang='lat' dir='ltr'><strong>agmina</strong></span> <span class='ocrx_word' id='word_1_180' title='bbox 453 2025 516 2058; x_wconf 82' lang='lat' dir='ltr'><strong>raera</strong></span> <span class='ocrx_word' id='word_1_181' title='bbox 525 2025 635 2057; x_wconf 88' lang='lat' dir='ltr'><strong>sororum.</strong></span> 
     </span>
    </p>

    <p class='ocr_par' dir='ltr' id='par_1_9' title="bbox 39 2075 644 2336">
     <span class='ocr_line' id='line_1_30' title="bbox 40 2075 644 2126; baseline -0.007 0"><span class='ocrx_word' id='word_1_182' title='bbox 40 2077 100 2126; x_wconf 89' lang='lat' dir='ltr'><strong>Tum</strong></span> <span class='ocrx_word' id='word_1_183' title='bbox 112 2079 205 2126; x_wconf 88' lang='lat' dir='ltr'><strong>demum</strong></span> <span class='ocrx_word' id='word_1_184' title='bbox 216 2078 334 2125; x_wconf 85' lang='lat' dir='ltr'><strong>horrisono</strong></span> <span class='ocrx_word' id='word_1_185' title='bbox 344 2078 464 2124; x_wconf 87' lang='lat' dir='ltr'><strong>stridentes</strong></span> <span class='ocrx_word' id='word_1_186' title='bbox 473 2075 563 2123; x_wconf 81' lang='lat' dir='ltr'><strong>cardine</strong></span> <span class='ocrx_word' id='word_1_187' title='bbox 573 2090 644 2123; x_wconf 75' lang='lat' dir='ltr'><strong>merse</strong></span> 
     </span>
     <span class='ocr_line' id='line_1_31' title="bbox 39 2140 581 2205; baseline -0.007 -14"><span class='ocrx_word' id='word_1_188' title='bbox 39 2141 176 2191; x_wconf 85' lang='lat' dir='ltr'><strong>Panduntur</strong></span> <span class='ocrx_word' id='word_1_189' title='bbox 185 2148 265 2205; x_wconf 70' lang='lat' dir='ltr'><strong>porta.</strong></span> <span class='ocrx_word' id='word_1_190' title='bbox 275 2180 278 2185; x_wconf 61' lang='grc'><strong><em>»</em></strong></span> <span class='ocrx_word' id='word_1_191' title='bbox 297 2140 387 2200; x_wconf 83' lang='lat' dir='ltr'><strong>Cernis,</strong></span> <span class='ocrx_word' id='word_1_192' title='bbox 397 2142 501 2189; x_wconf 77' lang='lat' dir='ltr'><strong>custodis</strong></span> <span class='ocrx_word' id='word_1_193' title='bbox 509 2141 581 2202; x_wconf 74' lang='lat' dir='ltr'><strong>qualis</strong></span> 
     </span>
     <span class='ocr_line' id='line_1_32' title="bbox 41 2205 605 2268; baseline -0.004 -14"><span class='ocrx_word' id='word_1_194' title='bbox 41 2207 162 2256; x_wconf 85' lang='lat' dir='ltr'><strong>Vestibulo</strong></span> <span class='ocrx_word' id='word_1_195' title='bbox 174 2206 269 2254; x_wconf 80' lang='lat' dir='ltr'><strong>sedenti</strong></span> <span class='ocrx_word' id='word_1_196' title='bbox 284 2206 354 2255; x_wconf 78' lang='lat' dir='ltr'><strong>facies</strong></span> <span class='ocrx_word' id='word_1_197' title='bbox 364 2222 416 2268; x_wconf 88' lang='lat' dir='ltr'><strong>quae</strong></span> <span class='ocrx_word' id='word_1_198' title='bbox 426 2207 505 2254; x_wconf 89' lang='lat' dir='ltr'><strong>limina</strong></span> <span class='ocrx_word' id='word_1_199' title='bbox 512 2205 605 2254; x_wconf 78' lang='lat' dir='ltr'><strong>seuroti¹</strong></span> 
     </span>
     <span class='ocr_line' id='line_1_33' title="bbox 42 2271 595 2336; baseline -0.002 -17"><span class='ocrx_word' id='word_1_200' title='bbox 42 2272 215 2336; x_wconf 75' lang='lat' dir='ltr'><strong>Quinquaginta</strong></span> <span class='ocrx_word' id='word_1_201' title='bbox 224 2273 279 2319; x_wconf 88' lang='lat' dir='ltr'><strong>atris</strong></span> <span class='ocrx_word' id='word_1_202' title='bbox 289 2272 394 2320; x_wconf 85' lang='lat' dir='ltr'><strong>immanis</strong></span> <span class='ocrx_word' id='word_1_203' title='bbox 403 2272 500 2319; x_wconf 78' lang='lat' dir='ltr'><strong>hiatibus</strong></span> <span class='ocrx_word' id='word_1_204' title='bbox 512 2271 595 2333; x_wconf 71' lang='lat' dir='ltr'><strong>Hydra</strong></span> 
     </span>
    </p>

    <p class='ocr_par' dir='ltr' id='par_1_10' title="bbox 42 2335 645 2400">
     <span class='ocr_line' id='line_1_34' title="bbox 42 2335 645 2400; baseline -0.003 -14"><span class='ocrx_word' id='word_1_205' title='bbox 42 2337 130 2386; x_wconf 75' lang='lat' dir='ltr'><strong>Saevior</strong></span> <span class='ocrx_word' id='word_1_206' title='bbox 139 2338 203 2384; x_wconf 88' lang='lat' dir='ltr'><strong>intus</strong></span> <span class='ocrx_word' id='word_1_207' title='bbox 213 2337 280 2384; x_wconf 86' lang='lat' dir='ltr'><strong>bnbet</strong></span> <span class='ocrx_word' id='word_1_208' title='bbox 290 2337 373 2385; x_wconf 82' lang='lat' dir='ltr'><strong>sedem.</strong></span> <span class='ocrx_word' id='word_1_209' title='bbox 404 2335 466 2383; x_wconf 87' lang='lat' dir='ltr'><strong>Tum</strong></span> <span class='ocrx_word' id='word_1_210' title='bbox 477 2336 586 2385; x_wconf 75' lang='lat' dir='ltr'><strong>Tartarus</strong></span> <span class='ocrx_word' id='word_1_211' title='bbox 595 2338 645 2400; x_wconf 90' lang='lat' dir='ltr'><strong>ipse</strong></span> 
     </span>
    </p>

    <p class='ocr_par' dir='ltr' id='par_1_11' title="bbox 42 2401 711 2660">
     <span class='ocr_line' id='line_1_35' title="bbox 42 2401 694 2466; baseline -0.005 -16"><span class='ocrx_word' id='word_1_212' title='bbox 42 2401 84 2451; x_wconf 73' lang='lat' dir='ltr'><strong>Ro</strong></span> <span class='ocrx_word' id='word_1_213' title='bbox 92 2409 157 2466; x_wconf 87' lang='lat' dir='ltr'><strong>patet</strong></span> <span class='ocrx_word' id='word_1_214' title='bbox 167 2402 191 2449; x_wconf 90' lang='lat' dir='ltr'><strong>in</strong></span> <span class='ocrx_word' id='word_1_215' title='bbox 202 2417 302 2464; x_wconf 67' lang='lat' dir='ltr'><strong>praeceps</strong></span> <span class='ocrx_word' id='word_1_216' title='bbox 313 2409 407 2459; x_wconf 82' lang='lat' dir='ltr'><strong>tantum,</strong></span> <span class='ocrx_word' id='word_1_217' title='bbox 417 2401 535 2463; x_wconf 87' lang='lat' dir='ltr'><strong>tenditque</strong></span> <span class='ocrx_word' id='word_1_218' title='bbox 545 2403 587 2450; x_wconf 89' lang='lat' dir='ltr'><strong>sub</strong></span> <span class='ocrx_word' id='word_1_219' title='bbox 597 2403 694 2456; x_wconf 79' lang='lat' dir='ltr'><strong>umbras,</strong></span> 
     </span>
     <span class='ocr_line' id='line_1_36' title="bbox 44 2465 698 2528; baseline -0.003 -14"><span class='ocrx_word' id='word_1_220' title='bbox 44 2468 151 2522; x_wconf 77' lang='lat' dir='ltr'><strong>Quantus</strong></span> <span class='ocrx_word' id='word_1_221' title='bbox 162 2468 190 2514; x_wconf 93' lang='lat' dir='ltr'><strong>ad</strong></span> <span class='ocrx_word' id='word_1_222' title='bbox 201 2468 324 2514; x_wconf 76' lang='lat' dir='ltr'><strong>tetbereurn</strong></span> <span class='ocrx_word' id='word_1_223' title='bbox 335 2467 387 2513; x_wconf 84' lang='lat' dir='ltr'><strong>coeli</strong></span> <span class='ocrx_word' id='word_1_224' title='bbox 398 2475 516 2528; x_wconf 81' lang='lat' dir='ltr'><strong>suspectus</strong></span> <span class='ocrx_word' id='word_1_225' title='bbox 527 2465 659 2528; x_wconf 81' lang='lat' dir='ltr'><strong>Olympum.</strong></span> <span class='ocrx_word' id='word_1_226' title='bbox 696 2486 698 2495; x_wconf 66' lang='lat'><strong><em>¹</em></strong></span> 
     </span>
     <span class='ocr_line' id='line_1_37' title="bbox 44 2530 711 2595; baseline -0.006 -16"><span class='ocrx_word' id='word_1_227' title='bbox 44 2531 91 2579; x_wconf 86' lang='lat' dir='ltr'><strong>Hic</strong></span> <span class='ocrx_word' id='word_1_228' title='bbox 101 2546 177 2595; x_wconf 78' lang='lat' dir='ltr'><strong>genus</strong></span> <span class='ocrx_word' id='word_1_229' title='bbox 188 2533 304 2593; x_wconf 87' lang='lat' dir='ltr'><strong>antiquum</strong></span> <span class='ocrx_word' id='word_1_230' title='bbox 316 2530 402 2585; x_wconf 83' lang='lat' dir='ltr'><strong>Terrae,</strong></span> <span class='ocrx_word' id='word_1_231' title='bbox 413 2530 505 2578; x_wconf 87' lang='lat' dir='ltr'><strong>Titania</strong></span> <span class='ocrx_word' id='word_1_232' title='bbox 516 2531 594 2593; x_wconf 86' lang='lat' dir='ltr'><strong>pubes,</strong></span> <span class='ocrx_word' id='word_1_233' title='bbox 662 2533 711 2576; x_wconf 79' lang='lat'><strong>580</strong></span> 
     </span>
     <span class='ocr_line' id='line_1_38' title="bbox 45 2596 698 2660; baseline -0.009 -15"><span class='ocrx_word' id='word_1_234' title='bbox 45 2596 151 2645; x_wconf 82' lang='lat' dir='ltr'><strong>Fulmiue</strong></span> <span class='ocrx_word' id='word_1_235' title='bbox 162 2597 248 2660; x_wconf 77' lang='lat' dir='ltr'><strong>dejecti,</strong></span> <span class='ocrx_word' id='word_1_236' title='bbox 259 2597 330 2645; x_wconf 80' lang='lat' dir='ltr'><strong>fundo</strong></span> <span class='ocrx_word' id='word_1_237' title='bbox 340 2597 465 2644; x_wconf 80' lang='lat' dir='ltr'><strong>volvuntur</strong></span> <span class='ocrx_word' id='word_1_238' title='bbox 474 2598 497 2642; x_wconf 87' lang='lat' dir='ltr'><strong>in</strong></span> <span class='ocrx_word' id='word_1_239' title='bbox 508 2597 562 2641; x_wconf 89' lang='lat' dir='ltr'><strong>imo.</strong></span> <span class='ocrx_word' id='word_1_240' title='bbox 595 2620 598 2623; x_wconf 97' lang='lat'>-</span> <span class='ocrx_word' id='word_1_241' title='bbox 693 2616 698 2626; x_wconf 84' lang='lat'><strong>·</strong></span> 
     </span>
    </p>
   </div>
   <div class='ocr_carea' id='block_1_5' title="bbox 46 2660 633 2769">
    <p class='ocr_par' dir='ltr' id='par_1_12' title="bbox 46 2660 633 2769">
     <span class='ocr_line' id='line_1_39' title="bbox 46 2660 633 2726; baseline -0.01 -17"><span class='ocrx_word' id='word_1_242' title='bbox 46 2661 93 2711; x_wconf 80' lang='lat' dir='ltr'><strong>Hic</strong></span> <span class='ocrx_word' id='word_1_243' title='bbox 104 2669 128 2711; x_wconf 88' lang='lat' dir='ltr'><strong>et</strong></span> <span class='ocrx_word' id='word_1_244' title='bbox 139 2662 236 2711; x_wconf 71' lang='lat' dir='ltr'><strong>Aloidas</strong></span> <span class='ocrx_word' id='word_1_245' title='bbox 245 2663 356 2726; x_wconf 69' lang='lat' dir='ltr'><strong>geminos,</strong></span> <span class='ocrx_word' id='word_1_246' title='bbox 367 2662 475 2709; x_wconf 87' lang='lat' dir='ltr'><strong>immania</strong></span> <span class='ocrx_word' id='word_1_247' title='bbox 484 2660 530 2707; x_wconf 84' lang='lat' dir='ltr'><strong>ridi</strong></span> <span class='ocrx_word' id='word_1_248' title='bbox 628 2695 633 2703; x_wconf 82' lang='grc'>,</span> 
     </span>
     <span class='ocr_line' id='line_1_40' title="bbox 503 2738 519 2769; baseline 0 0"><span class='ocrx_word' id='word_1_249' title='bbox 503 2738 519 2769; x_wconf 80' lang='lat' dir='ltr'>U</span> 
     </span>
    </p>
   </div>
   <div class='ocr_carea' id='block_1_6' title="bbox 0 0 877 2925">
    <p class='ocr_par' dir='ltr' id='par_1_13' title="bbox 0 0 877 2925">
     <span class='ocr_line' id='line_1_41' title="bbox 0 0 877 2925; baseline 0 0"><span class='ocrx_word' id='word_1_250' title='bbox 0 0 877 2925; x_wconf 95' lang='lat' dir='ltr'><strong> </strong></span> 
     </span>
    </p>
   </div>
  </div>
 </body>
</html>
