1709 2925
256 112 424 165 AENEIDOB
440 113 494 163 Lm.
505 110 556 164 ut
695 118 743 164 155

3 270 4 275 =
57 245 141 292 Haud
153 244 248 308 impune
257 245 364 305 quidem:
382 260 424 292 nec
435 244 488 292 talia
497 259 578 306 pansus
590 242 694 306 [ΠΜ

56 309 193 358 oblitusve
203 311 238 358 sui
249 317 286 356 est
296 308 389 357 Ithacus
400 310 529 357 discrimine
540 310 625 357 tanto-⁸
694 313 743 358 629

57 375 130 423 Nam
144 376 221 430 simul,
233 375 446 437 explctundapibus,
457 376 555 437 vinoque
566 375 674 438 sepultus,

59 439 193 489 Cervicem
205 440 312 489 inflexam
323 441 404 502 posuit,
412 441 528 505 jacuitque
537 456 577 503 par
588 449 678 488 antrum

58 503 210 562 Immensae,
221 506 309 554 saniem
319 512 424 554 eructans
434 521 461 553 ac
470 504 543 553 frusta
552 513 646 554 cruento
709 548 712 553 ,

59 569 111 617 Per
124 586 235 618 somnum
246 571 370 622 commixta
379 586 457 630 meror
473 586 522 627 nos,
533 586 617 633 magna
625 570 711 634 precati

60 635 183 692 Numina,
195 637 314 698 sortitique
324 637 392 693 vices,
404 635 451 684 unci
461 636 558 697 undique
568 636 654 684 mcum

61 700 207 757 Faucium,
219 710 243 749 et
253 701 299 749 telo
309 702 387 749 lamen
397 702 537 749 terebramus
546 708 614 748 acuto

62 763 170 828 Ingens,
181 768 243 829 quod
253 764 318 816 torud
328 767 402 815 solum
413 767 456 814 sub
465 765 541 814 fronte
549 766 639 822 latebat,

64 832 178 893 Argolici
189 832 263 894 clypei
273 839 313 880 aut
324 831 433 880 Pboebeae
443 831 551 894 lampadis
561 831 647 888 instar3

64 894 102 943 Et
115 898 210 944 tandem
224 898 271 945 laeti
283 899 395 945 sociorum
407 898 538 945 ulciscimur
547 897 645 943 umbru.

65 961 118 1007 Sed
129 961 211 1024 sugite,
223 979 239 1011 o
248 963 338 1013 miseri!
357 962 437 1025 fugile,
449 970 517 1024 atque
527 962 555 1009 ab
565 962 632 1010 litore
641 959 718 1009 funem

66 1024 199 1090 Rumpite:
694 1030 743 1072 640

67 1089 144 1148 Nam,
155 1093 228 1154 qualis
238 1100 380 1155 quantusque
390 1108 447 1140 cavo
458 1092 612 1156 Polyphemus
622 1093 646 1138 in
657 1098 724 1139 antro

68 1154 202 1220 Lanigeras
212 1158 296 1205 claudit
306 1159 411 1220 pecudes,
422 1166 490 1219 atque
501 1159 568 1206 ubera
577 1166 672 1220 pressat,

70 1218 176 1269 Centum
187 1223 225 1269 alii
236 1238 307 1272 cuma
315 1225 365 1271 hacc
375 1223 476 1270 habitant
486 1223 515 1269 ad
524 1224 591 1270 litora
600 1223 671 1285 vulgo

70 1284 166 1335 Infandi
178 1286 302 1351 Cyclopes,
313 1296 337 1336 et
347 1288 399 1336 altis
410 1289 524 1335 montibus
534 1296 617 1335 errant.

69 1349 153 1401 Tertia
158 1355 208 1415 jam
219 1354 281 1401 lunae
292 1370 317 1402 se
327 1368 412 1401 cornua
421 1352 508 1400 lumine
517 1353 638 1416 complent,

71 1413 135 1466 Cum
147 1419 218 1468 vitam
228 1419 253 1466 in
264 1420 333 1474 silvia.
343 1420 404 1467 inter
414 1419 502 1467 deserta
511 1418 610 1467 ferarum

71 1479 160 1544 Lustra
171 1486 301 1546 danaosque,
313 1486 386 1540 traho,
396 1494 517 1546 vastosque
527 1486 556 1532 ab
566 1499 620 1548 rupe
629 1482 743 1545 Cyclopas

73 1546 201 1612 Prospicio,
213 1551 356 1611 sonitumque
366 1551 449 1613 pedum
460 1565 584 1611 vocemque
595 1549 708 1597 tremisco·

72 1611 169 1662 Victum
179 1614 299 1671 infelicem,
310 1617 390 1663 baccas
399 1616 544 1677 lapidosaque
554 1629 630 1670 corna,

73 1676 140 1726 Dant
151 1681 215 1734 rami,
227 1687 251 1727 ct
262 1681 333 1728 vulsis
342 1688 439 1744 pascunt
449 1680 560 1727 radicibus
570 1680 654 1726 herbae.
694 1679 744 1724 650

73 1743 159 1792 Omnia
169 1745 312 1802 collustrans,
322 1746 382 1793 banc
391 1747 488 1807 primum
499 1745 527 1791 ad
537 1745 605 1791 litora
614 1743 709 1789 classem

75 1806 192 1873 Conspexi
203 1810 340 1859 venientem.
366 1810 433 1857 Huic
442 1826 487 1864 me,
498 1822 648 1871 quaecumque
657 1805 743 1861 suisset,

74 1874 174 1923 Addixi:
195 1875 249 1922 satis
260 1883 397 1939 erigentem
408 1874 516 1936 effugisse
526 1871 653 1920 nefandam.

73 1937 125 1988 Vas
135 1941 236 1987 animam
246 1941 304 1988 hauc
314 1942 391 2003 potius
399 1954 543 2002 quocumque
553 1937 663 1984 absumite
673 1937 727 1984 leto.

105 2004 156 2051 Vnr
167 2015 195 2052 ea
204 2004 265 2053 latus
275 2013 340 2065 erat;
356 2020 446 2053 summo
457 2018 511 2051 cum
520 2009 598 2050 monte
606 2002 710 2051 videmus

75 2065 154 2132 Ipsum
166 2072 227 2117 inter
237 2072 334 2132 pectides
346 2069 411 2119 vasta
421 2086 448 2118 se
458 2069 518 2116 mole
528 2076 658 2115 moveatam

75 2132 196 2183 Pastorem
205 2134 381 2199 Polyphemum,
391 2142 414 2182 ei
424 2136 492 2182 litora
502 2141 557 2181 nota
565 2141 695 2197 petentem

74 2199 210 2248 Monstrum
225 2201 369 2259 horrendum,
385 2200 490 2257 informe,
506 2201 596 2262 ingena,
613 2199 649 2247 cui
665 2199 744 2247 lumen

172 2266 295 2314 monum.
536 2299 538 2304 r

74 2328 168 2378 Trunca
178 2346 252 2379 manu
259 2334 327 2395 pinus
335 2334 404 2395 regit,
415 2338 440 2380 et
449 2332 547 2394 vetigia
555 2329 638 2377 firmat.

74 2394 199 2459 Lanigero!
209 2399 346 2446 comitantur
356 2413 424 2445 oveas
444 2413 472 2446 ea
482 2396 531 2445 sola
540 2396 652 2456 voluptas.
696 2393 746 2437 660

74 2461 228 2524 solamenque
239 2463 300 2510 mali.
689 2518 694 2529 ι

74 2524 203 2587 Postquam
213 2528 272 2574 allos
281 2529 358 2591 tetigit
368 2526 458 2583 flucnrs,
468 2534 493 2575 et
502 2526 531 2573 ad
543 2533 635 2583 aequom
643 2523 714 2572 vemt,

72 2590 182 2642 luminis
192 2592 269 2640 effossi
280 2592 374 2641 fluidum
384 2593 442 2641 lavit
451 2592 504 2639 inde
515 2597 625 2656 cruorem,

75 2655 193 2705 Dentibus
203 2657 338 2721 infrendens
345 2659 447 2724 gemilu3
464 2654 612 2720 81⁸&qu
621 2659 662 2708 ΡΒ
670 2658 747 2706 ’ΨΜ
