1709 2925
263 124 431 176 AENssmos
446 124 501 172 Lir-
512 123 559 175 IV.
697 131 745 178 173

69 257 117 313 An,
129 256 211 319 Tyriis
222 257 330 319 omnique
340 272 410 305 mortu
420 257 502 320 stipate
512 246 622 313 meorum,
693 286 695 291 ,

70 321 180 371 Inierar?
195 329 229 377 et,
240 338 297 383 quos
309 322 403 369 sidonia
412 324 453 370 vix
463 323 518 370 urbe
528 323 613 376 revelli,

71 387 166 436 Rursus
175 402 244 451 egum
256 389 343 450 pelago,
355 397 379 434 et
389 389 464 434 ventis
475 388 528 434 dure
537 387 698 450 relejubebo?

73 453 138 507 Quin
147 468 246 509 morere,
255 461 281 500 ut
292 453 372 500 merite
382 469 421 510 es;
438 452 543 513 ferroque
550 459 627 500 averte
638 452 747 502 dolorem.

73 515 118 573 Tu,
129 518 239 579 lucrymis
250 520 324 565 evicto
334 519 398 573 mus,
409 524 435 565 tu
445 518 518 579 prima
527 517 638 565 screnum

74 582 128 639 His,
135 597 257 646 germane,
266 583 332 630 mulis
342 598 429 639 oneras,
441 593 509 643 atque
519 583 597 644 objicis
607 584 673 631 hosti.
698 586 749 632 549

73 647 131 695 Nou
141 649 209 695 licuit
218 648 311 695 thalami
321 656 438 711 expertem
449 649 499 694 sine
508 648 602 694 crimine
611 649 683 696 vitam

75 711 177 776 Degere,
189 728 257 759 more
265 713 327 767 ierae,
338 714 396 761 tales
405 728 449 760 uec
458 720 554 773 tangere
564 713 646 759 curas?

75 777 130 825 Non
142 785 234 825 servata
245 777 307 832 fides,
319 779 388 825 cineri
398 778 510 840 promisse
521 777 631 836 Sycheo!

75 842 164 891 Tantos
174 843 216 889 ille
227 858 269 890 suo
280 844 396 906 rumpebat
406 851 498 905 pectore
508 848 610 902 questus.

107 910 198 956 AEucus
210 906 271 955 celsi
280 910 304 954 iu
315 908 390 971 puppi,
397 910 447 970 jum
458 915 534 955 certus
544 907 619 962 euurli,

77 972 189 1037 Corpebst
201 988 300 1027 somnos,
312 975 434 1036 rebusjum
444 974 487 1019 rite
497 973 589 1034 paretis.

76 1038 141 1086 Huic
152 1054 178 1087 se
189 1038 264 1085 formu
275 1037 322 1085 Dei
333 1039 399 1086 vultu
410 1039 525 1085 redeuntis
535 1038 615 1084 eodem

77 1102 166 1151 Obtulit
176 1105 201 1150 iu
214 1104 306 1158 romnis,
318 1118 441 1164 rursusque
451 1104 483 1150 itu
492 1105 542 1150 visu
552 1118 645 1150 monere
654 1110 689 1151 est
695 1120 704 1161 ;

77 1167 162 1216 Omnia
173 1168 292 1216 Mercurio
304 1169 389 1224 similis,
400 1183 531 1230 vocemque,
542 1169 692 1230 coloremque,

77 1233 108 1281 Et
119 1236 196 1281 crines
208 1233 287 1290 ilrvos,
299 1240 323 1280 et
333 1234 435 1281 membro
444 1235 526 1280 decore
532 1234 648 1295 juveutae:

77 1298 138 1347 Nate
150 1297 213 1355 Dei,
224 1308 291 1361 potes
301 1300 344 1346 hoc
356 1300 398 1346 sub
408 1314 462 1345 cusu
473 1299 556 1345 ducere
565 1299 674 1345 somnos?
699 1301 749 1345 560

77 1363 135 1419 Nec,
144 1379 199 1425 quoe
210 1371 233 1411 te
244 1365 328 1411 circum
340 1371 402 1411 stent
412 1364 493 1410 deinde
502 1364 609 1424 pericula,
620 1363 712 1410 cernis?

77 1429 198 1478 Demens!
218 1444 262 1477 nec
271 1428 389 1493 Zephyros
399 1431 463 1477 cudis
474 1430 557 1492 spirare
567 1428 695 1477 secundos?
708 1432 709 1435 ’

77 1494 120 1543 Illa
131 1497 199 1543 dolos
210 1495 328 1556 dirumque
339 1496 404 1543 nefus
413 1497 438 1542 in
448 1503 540 1559 pectore
550 1503 633 1549 versat,

79 1560 150 1610 coru
160 1561 227 1616 mori,
239 1561 346 1624 varioque
356 1560 546 1624 irarum-fluctuet
557 1559 622 1608 mstuss

77 1625 133 1674 Nou
143 1625 208 1689 fugis
219 1627 272 1673 irinc
283 1641 390 1689 preceps,
401 1627 455 1674 dum
466 1627 606 1689 praecipitsre
616 1622 734 1687 potestus?

77 1690 130 1740 Jsm
141 1706 208 1739 murs
216 1693 299 1739 turbari
310 1693 415 1747 trabibus,
427 1706 545 1752 surasque
555 1691 640 1737 videbis

79 1756 203 1805 collucere
211 1755 281 1815 isoes,
288 1757 337 1819 jcrm
347 1758 436 1804 fervere
445 1758 513 1804 litora
522 1755 627 1809 flammis,

80 1822 103 1869 Si
114 1829 139 1868 te
149 1822 187 1868 lus
197 1823 298 1885 attigerit
308 1823 373 1870 terris
384 1823 475 1869 Aurora
484 1828 620 1868 morantem.

78 1885 123 1934 Eia
133 1902 187 1949 ege,
199 1901 279 1949 rumpe
288 1903 371 1935 moras.
397 1887 494 1934 Verium
505 1893 529 1932 et
539 1883 647 1931 mutabile
657 1897 748 1945 semper

79 1950 183 2000 Femina.
212 1951 251 1998 Sio
260 1952 328 2008 istus,
340 1953 401 2000 nocti
413 1968 438 2000 se
448 1951 571 1998 immiscuit
581 1955 644 1996 strae.
703 1950 753 1997 570

111 2016 174 2063 Tum
185 2032 241 2064 vero
252 2017 346 2073 AEuess,
357 2019 437 2065 subitis
447 2017 568 2064 exterritus
578 2013 670 2070 umbris,

81 2080 182 2143 Corripit
192 2098 206 2128 e
216 2097 297 2131 somno
308 2099 397 2146 eorpus,
408 2082 529 2143 sociosque
537 2080 632 2142 fatiget:

80 2146 213 2210 Praecipites
223 2148 323 2210 vigilate,
335 2149 385 2203 viri,
396 2155 420 2195 et
431 2147 541 2195 considite
551 2145 667 2203 transtris3

81 2213 168 2260 Solvite
178 2213 230 2259 vele
240 2214 286 2260 citi.
314 2213 388 2269 Deus,
400 2214 486 2261 aethere
495 2212 577 2260 missus
587 2211 615 2259 ab
626 2211 679 2266 alto,

81 2277 198 2326 Festinure
206 2277 295 2341 iugum,
306 2285 424 2340 tortosque
433 2279 532 2326 incidere
540 2277 614 2331 foues,

81 2342 143 2391 Ecce
153 2344 236 2391 iterum
247 2344 357 2391 stimulat.
377 2344 502 2405 ,sequimur
511 2351 541 2399 te,
554 2349 632 2390 sancte
639 2340 753 2394 Deorum,

82 2408 189 2470 Quisquis
200 2424 234 2466 es,
245 2409 385 2471 imperioque
394 2411 476 2457 iterum
486 2423 592 2472 paremus
602 2411 706 2453 orontes.

82 2472 157 2528 Adsis,
168 2473 196 2521 o!
209 2475 355 2536 placidusque
360 2476 435 2538 juves,
447 2481 471 2520 et
482 2476 555 2522 sideru
564 2471 624 2518 coelo

82 2536 172 2586 Dextra
181 2538 249 2586 ierus.
273 2539 356 2597 Dixit3
372 2537 501 2601 virginique
510 2538 577 2598 eripit
587 2545 665 2580 ensem

83 2601 234 2658 Fulmineum,
245 2606 370 2665 strictoque
380 2605 435 2651 ierit
445 2602 569 2650 retinaculo
579 2597 647 2642 ferro.
705 2595 756 2639 580

83 2665 148 2719 Idem
156 2670 312 2720 omnessimul
318 2670 385 2718 ordor
392 2670 472 2726 hubet;
484 2667 619 2779 ηρὶιιιὲῑὲιιε
627 2663 751 2717 ruuntque:
