1709 2925
212 108 400 187 nonomen,
415 108 533 159 noane
678 116 709 161 ar

40 236 136 295 Diceret,
149 239 212 287 Haec
224 256 278 287 mea
288 248 355 298 sunt;
372 246 461 289 'veteres
472 242 568 304 migrate
578 240 661 288 coloni.

39 299 104 351 Nunc
115 307 180 360 victi,
192 308 276 362 tristes,
289 307 394 366 quoniam
407 305 465 353 Fors
476 307 552 353 omnia
563 314 644 362 versat

40 365 87 416 Hos
98 371 130 417 illi
144 371 219 433 (quod
231 387 274 417 nec
285 372 343 418 bene
354 370 438 432 vertat)
450 372 560 418 mittimus
571 371 656 418 haedos.

319 499 428 531 uremur.

10 553 11 564 ¹
41 560 103 611 Certe
114 566 221 626 equidem
234 566 354 620 audieram,
367 565 411 627 qui
422 581 447 613 se
458 547 581 614 subducere
592 568 661 615 colles

10 631 11 682 ἶ
42 625 157 691 Incipiunt,
170 631 280 690 mollique
286 631 370 693 jugum
382 631 500 679 demittere
510 632 576 685 clivo,

42 691 114 754 Usque
129 696 161 805 qd
178 711 269 756 aquam,
287 705 310 741 et
326 704 420 750 veteres,
432 698 482 758 jam
497 696 570 743 fracta
584 698 708 752 cacumina,

41 820 118 870 Omnia
127 776 268 871 clddl’nibus
279 831 380 872 vestmm
392 823 494 873 servisse
505 824 636 873 Menalcan.
679 831 709 874 lo

327 954 420 986 MOERIS.

43 1014 161 1075 Audieras3
179 1026 203 1064 et
213 1018 274 1065 fama
284 1018 327 1066 suit
336 1037 344 1076 ;
362 1020 401 1066 sed
411 1020 511 1066 carmina
521 1025 609 1066 tanturn

42 1077 122 1128 Nostra
132 1084 216 1139 valent,
229 1082 326 1144 Lycida,
339 1085 383 1131 tela
393 1086 451 1131 inter
463 1084 555 1138 Martia,
567 1092 675 1145 quantum

44 1143 150 1194 Chaonias
162 1149 246 1202 dicunt,
260 1147 333 1210 aquilei
344 1150 455 1203 veniente,
468 1150 589 1196 columbas.

44 1209 105 1263 Quod
116 1213 158 1258 nisi
170 1229 209 1259 me
219 1212 361 1275 qudcumque
371 1229 442 1261 novas
453 1215 551 1260 incidere
561 1214 612 1262 litet

43 1275 99 1322 Ante
109 1279 200 1324 sinistra
209 1277 267 1325 cavit
277 1280 401 1326 monuisset
412 1280 439 1325 ab
450 1280 501 1325 ilice
511 1279 596 1333 cornix,

45 1338 90 1386 Nec
100 1349 152 1389 tuus
162 1344 200 1388 hic
212 1343 303 1399 Moeris,
316 1359 357 1390 nec
368 1345 456 1392 viveret
466 1344 513 1406 ipse
525 1343 650 1392 Menalcas·

318 1471 426 1505 unomen.
444 1471 452 1479 “

45 1533 106 1584 Heu!
123 1537 182 1613 cadit
199 1539 222 1584 in
234 1552 369 1598 quemquam
386 1542 474 1584 tantum
486 1537 576 1585 scelus?
593 1537 650 1586 heu!
670 1543 708 1585 lua

45 1663 110 1711 Paene
121 1603 273 1714 adddilstecum
286 1667 365 1713 solatia
375 1673 446 1729 rapta,
457 1665 578 1715 Menalca!

46 1729 98 1783 Quis
119 1740 208 1808 caueret
230 1730 368 1794 Nymphas?
396 1732 446 1794 quis
465 1734 558 1778 humum
575 1731 708 1778 florentibus

46 1798 232 1922 Spargerlllbldut
242 1861 308 1907 viridi
318 1860 394 1909 sontes
404 1862 521 1908 induceret
532 1859 627 1906 umbri?
675 1864 707 1906 20

46 1922 87 1971 Vel
96 1941 145 1986 quae
156 1927 242 1986 sublegi
253 1917 336 1973 tacitus*
345 1927 384 1973 tibi
396 1927 495 1972 carmina
506 1940 583 1987 nuper,

47 1987 100 2036 Cum
112 1998 134 2037 te
144 1992 170 2037 ad
182 1991 272 2037 delicias
282 1990 353 2038 ferres
365 1990 506 2052 Amaryllida
517 1990 622 2037 nostras?

47 2061 59 2081 “
68 2054 151 2115 Tityre,
162 2057 215 2102 dum
227 2057 301 2110 redeo,
313 2057 387 2102 brevis
398 2065 434 2102 est
444 2056 488 2109 via,
499 2071 565 2118 pasce
576 2056 688 2118 capellas;

10 2162 11 2169 ,
47 2117 75 2166 Et
84 2128 158 2182 potum
169 2131 244 2184 pastas
256 2134 305 2183 age,
317 2120 412 2182 'lityre3
431 2128 454 2167 et
464 2121 523 2167 inter
534 2123 645 2182 agendum

10 2202 11 2239 j
48 2183 161 2234 Occursare
172 2202 246 2249 capro,
258 2201 328 2233 cornu
339 2186 392 2232 ferit
403 2185 447 2242 ille,
460 2185 563 2233 caveto.'¹

340 2315 433 2349 MOERIS·

10 2424 12 2449 ‚
38 2379 113 2429 dumo
122 2384 178 2437 haec,
190 2397 242 2443 quae
254 2381 318 2428 Varo
329 2398 371 2428 nec
383 2383 435 2428 dum
447 2381 546 2444 perfecta
557 2382 663 2428 canebat:

10 2480 11 2491 r
50 2453 61 2474 ‘⁴
71 2447 131 2501 Vane,
143 2456 206 2494 tuum
219 2462 303 2493 nomen
315 2447 417 2510 (superet
428 2447 496 2493 modo
508 2447 605 2493 Mantua
617 2446 688 2498 nobis,

10 2498 12 2557 l
50 2510 136 2559 Mantua
146 2528 181 2559 vae
194 2514 283 2558 miserae
294 2513 389 2558 nimium
400 2512 476 2558 vicina
488 2510 611 2558 Cremonae
620 2507 639 2567 l)

10 2568 12 2629 l
51 2574 159 2627 Cantantes
170 2578 266 2627 sublime
276 2575 350 2624 ferent
361 2578 390 2623 nd
401 2576 474 2623 sidera
484 2572 577 2635 cycni.'’

10 2648 12 2683 l

10 2722 12 2763 l

10 2814 12 2885 l
