1709 2925
56 71 57 78 ’
111 91 160 137 272
301 82 464 133 AEusrncs
481 82 593 132 nux.

144 216 241 277 Jamque
252 215 325 262 omnis
336 215 420 277 campis
431 214 543 262 exercitus
554 214 599 261 ibat
610 215 699 277 apertis,

112 282 188 331 Dives
198 280 287 342 cqudm,
298 280 361 326 dives
370 280 440 341 pictai
450 281 519 326 vestis
529 285 553 326 et
563 280 618 326 auri.

113 346 235 409 Messapus
244 345 327 407 primas
336 346 402 400 acies,
414 353 528 406 postrema
537 344 642 391 coercent

112 411 233 472 Tyrrhidae
240 411 350 471 juvenes:
370 410 446 456 medio
456 410 503 456 dux
513 409 605 471 agmine
615 408 708 458 Turnus

114 473 230 589 &emitur
240 489 302 520 arma
312 481 399 530 tenens,
410 482 434 521 et
444 481 493 521 toto
504 474 588 521 vertice
599 489 666 535 snpra
675 481 711 522 est
718 474 741 541 ε]

177 547 262 601 septem
270 554 367 601 surgens
378 539 460 586 sedatis
471 539 574 586 mnibus
584 539 643 585 altus
748 545 785 589 80

117 603 162 653 Per
173 604 264 652 tacitum
277 604 378 665 Ganges,
390 611 429 650 aut
439 604 518 665 pingui
529 602 623 650 flumine
634 602 710 663 Nssus,

117 668 177 718 Cum
189 663 263 717 refluit
274 670 367 730 campis,
378 675 401 716 et
407 669 457 731 J'am
469 685 493 715 se
503 668 603 715 condidit
614 668 685 715 alveo.

120 733 169 781 Hic
180 735 275 781 subitam
286 734 352 796 nigro
360 734 481 795 glomerari
491 733 583 795 pulvere
593 734 676 780 nubem

117 799 262 862 Prospicinnt
272 797 362 853 Teucri,
373 813 399 845 ac
409 799 513 844 tenebras
524 798 641 859 insurgere
650 798 742 861 campis.

118 863 209 912 Primus
220 866 248 911 ab
257 862 351 911 adversi
361 863 487 910 conclamat
497 862 558 909 mole
568 860 668 910 Caicus:

118 928 178 984 Quis
188 930 276 992 globus,
287 945 302 974 o
312 929 380 983 cives,
392 928 488 989 caligine
498 927 597 974 volvitur
606 926 672 974 atria?

117 993 188 1042 Ferte
198 994 236 1040 citi
246 993 337 1047 serrum,
350 994 402 1040 date
412 993 464 1048 tela,
475 993 574 1042 scandite
584 1007 678 1039 muros:

118 1058 202 1107 Hostis
212 1058 282 1111 adest,
293 1058 335 1104 eia.
368 1055 462 1120 Ingenti
473 1058 571 1104 clamore
580 1072 621 1120 per
632 1072 711 1105 omnes

119 1122 264 1173 conductae
273 1121 356 1169 Teucri
367 1130 450 1184 portas,
462 1129 486 1169 et
496 1124 580 1169 moenia
591 1122 712 1184 complent.

118 1188 224 1248 Namque
235 1188 267 1234 ita
277 1186 393 1234 discedens
402 1196 539 1250 preceperat
550 1186 648 1249 optimus
659 1188 725 1235 armis
751 1193 784 1236 tc

120 1254 222 1301 AEneas:
242 1253 261 1300 si
272 1268 316 1314 qua
325 1254 411 1300 interea
421 1252 512 1299 fortuna
521 1252 608 1307 fuisset,

120 1318 174 1365 Neu
187 1325 272 1365 struere
282 1318 390 1365 auderent
400 1318 479 1372 aciem,
491 1332 535 1365 neu
545 1318 638 1365 credere
647 1331 742 1382 campo;

121 1382 204 1432 Castra
213 1382 281 1430 modo
292 1389 315 1429 et
326 1389 388 1429 tutos
399 1390 515 1430 servarent
525 1398 610 1444 aggere
621 1398 705 1430 muros.

120 1447 193 1511 Ergo,
204 1448 247 1496 etsi
258 1446 360 1495 conferre
370 1464 461 1496 manum
472 1447 544 1510 pudor
553 1448 631 1507 iraque
641 1455 757 1506 monstrat,

122 1513 239 1577 Objiciunt
248 1520 324 1575 portas
335 1522 421 1571 tamen,
433 1520 456 1560 et
466 1521 578 1575 praecepta
588 1512 710 1570 facessunt,

121 1579 255 1639 Armatique
265 1578 326 1625 cavis
337 1587 469 1640 exspectant
479 1580 577 1625 turribus
587 1579 684 1625 hostem.

120 1643 220 1698 Turnus,
232 1651 257 1691 nt
268 1644 407 1691 antevolans
417 1644 506 1690 tardum
516 1650 662 1706 precesserat
673 1659 761 1707 agmen,

122 1709 213 1773 Viginti
224 1709 288 1756 lectis
298 1709 399 1770 equitum
410 1710 531 1756 comitatus
540 1715 564 1756 et
574 1709 624 1756 urbi

122 1773 263 1837 Improvisus
274 1774 350 1830 adest3
367 1774 462 1821 maculis
472 1789 538 1835 quem
549 1771 661 1820 'limacius
672 1775 728 1821 albis

123 1839 292 1901 Portathuus,
302 1837 415 1901 cristique
425 1841 483 1901 tegit
493 1839 559 1902 galea
568 1854 636 1886 astrea
647 1840 721 1887 rubris
750 1842 789 1891 ,50

123 1904 210 1967 Ecquis
220 1907 264 1953 erit
273 1921 369 1961 mecum,
376 1903 492 1967 juvenes?
506 1904 544 1965 qui
554 1905 641 1966 primus
652 1904 676 1950 in
684 1903 789 1953 hostes?

124 1968 170 2023 En,
181 1971 227 2016 ait..
252 1969 286 2017 Et
291 1971 392 2033 J'aculum
403 1977 533 2031 attorquens
544 1969 627 2016 emittit
637 1968 661 2014 in
673 1983 746 2025 auras,

123 2033 263 2096 Principium
273 2050 366 2097 pugnae,
377 2042 401 2081 et
411 2050 491 2097 campo
501 2049 551 2081 sese
561 2033 644 2080 arduus
653 2033 730 2082 infert

126 2096 233 2147 Clamore
243 2100 358 2159 excipiunt
369 2101 432 2154 socii.
442 2100 578 2159 fremituque
589 2108 714 2160 sequuntur

125 2162 273 2219 Horrisonc;
290 2163 404 2211 Teucrdm
416 2166 527 2211 mirantur
536 2164 712 2221 inertia'corda3

125 2226 183 2274 Non
194 2242 259 2288 aequo
269 2227 323 2276 dare
333 2244 359 2275 se
369 2244 457 2291 campo,
468 2243 514 2276 non
525 2229 591 2277 obvia
599 2226 672 2277 ferrc'

125 2292 201 2340 Arma
215 2293 283 2347 viros,
294 2293 334 2340 sed
350 2301 423 2341 castra
433 2295 519 2341 fovere.
550 2292 606 2340 Huc
616 2293 720 2341 turbidus
730 2300 793 2356 atque

191 2396 194 2401 .
223 2358 268 2406 huc
749 2364 754 2373 '

126 2420 223 2469 Lustrat
232 2437 291 2483 equo
302 2437 386 2477 muros,
397 2424 527 2486 aditumque
536 2438 577 2485 per
587 2422 638 2470 avia
648 2424 738 2484 quaerit.

126 2484 164 2532 Ac
174 2486 243 2539 =veluti
254 2486 321 2548 piena
332 2488 399 2549 lupus
409 2489 528 2536 insidiatus
535 2488 596 2543 ovili.
687 2496 690 2503 '

128 2546 188 2597 Cum
199 2550 274 2599 tremit
283 2551 313 2600 ad
323 2552 499 2614 caulaqrentos
508 2567 627 2617 perpessus
637 2558 662 2601 et
671 2550 762 2610 inrer
