1709 2925
233 111 398 169 AENEIDOS
414 117 468 190 Iar.
479 114 512 171 V.
659 130 703 180 ιη

24 244 108 293 Dona
117 244 210 302 ferunt3
227 256 321 295 onerant
332 264 389 305 aras,
400 257 544 314 mactantque
549 254 669 317 juvencos.

25 309 124 357 Ordine
135 311 193 358 aena
203 311 279 358 locant
290 314 332 368 alii,
343 314 434 375 lusique
444 333 484 377 per
495 320 585 366 herbam

25 374 164 436 Subjieiunt
176 378 274 423 verubus
285 393 373 440 prunas,
385 388 409 426 et
418 381 505 430 viscera
513 391 610 434 torrent.

71 439 209 502 Exspectata
220 442 267 489 dies
278 444 359 497 ederat,
371 459 500 507 nonamque
509 449 587 497 sereni

25 504 150 551 Auroram
163 505 312 554 Phaethontis
324 510 374 569 equi
385 511 434 571 jam
446 512 496 558 lune
507 514 631 577 vehebant3

27 567 152 630 Famaque
162 569 270 618 finitimos
281 579 304 618 et
315 574 367 620 clari
379 589 462 622 nornen
473 577 567 625 Acestae

27 632 160 682 Exeierats
180 635 234 682 laeto
245 634 383 698 complerant
394 638 461 687 litora
471 649 532 689 coetu

28 695 115 744 Visnri
127 699 257 757 AEneadss3
274 716 325 762 pars
336 709 360 749 et
367 711 456 752 certare
466 708 544 767 parati

27 761 137 810 Munera
147 765 257 825 principio
269 774 320 812 ante
331 768 409 814 oculos
420 770 524 830 circoque
535 772 637 822 locantur

28 825 65 872 In
76 828 169 885 medio;
185 830 241 875 sacri
252 831 359 892 tripodes,
370 833 497 895 viridesque
507 851 605 893 corone,
657 845 705 891 llo

26 891 69 938 Et
79 893 169 953 palrnae,
180 895 275 954 pretium
286 896 414 951 victoribus,
426 913 537 960 armaque,
549 908 573 947 et
583 910 645 952 nstro

27 955 139 1003 Perfusae
149 965 231 1012 vestes,
243 960 330 1020 argenti
342 961 434 1021 aurique
444 963 528 1011 talenta
537 984 542 1019 ;

27 1020 67 1068 Et
76 1021 130 1067 tuba
141 1023 274 1068 commissos
285 1024 359 1070 medin
370 1026 430 1072 eanit
440 1042 524 1089 aggere
535 1030 606 1081 ludos.

35 1106 39 1112 ·
66 1085 147 1133 Prima
156 1101 221 1148 pares
231 1088 310 1152 ineunt
320 1090 425 1149 gravibus
437 1095 558 1142 certamina
568 1099 638 1146 remis

29 1150 158 1205 Quattuor,
171 1153 272 1197 exomni
284 1152 377 1199 delectae
388 1155 466 1211 classe,
478 1160 568 1206 carinae.

27 1214 145 1262 Velocem
158 1215 294 1263 Mnestheus
305 1218 353 1280 agit
363 1220 408 1264 acri
420 1222 506 1283 remige
516 1222 616 1280 Pristim

27 1279 94 1328 Mox
101 1278 175 1327 Italus
182 1281 325 1337 Mnestheus,
337 1298 410 1344 genus
417 1300 431 1331 a
439 1301 484 1346 quo
491 1290 583 1335 nomine
591 1290 701 1352 Memm53

28 1343 202 1407 lugentemque
214 1346 279 1405 Gyas
288 1347 376 1408 ingenti
386 1350 447 1395 mole
458 1349 601 1408 Chimaeram,

28 1408 107 1456 Urbis
117 1425 182 1473 opus,
194 1410 275 1473 triplici
286 1412 355 1474 pubes
366 1428 432 1475 quam
445 1414 553 1466 Dardana
562 1434 630 1470 versu

28 1473 160 1538 Impellnnt
166 1492 174 1533 ς
189 1482 256 1523 terno
267 1487 408 1541 consurgunt
418 1482 496 1528 ordine
507 1485 578 1542 remi3
656 1492 704 1538 luo

28 1540 207 1602 Sergestusque,
219 1542 299 1588 domus
309 1549 372 1589 tenet
380 1559 396 1591 a
406 1561 452 1606 quo
463 1547 543 1610 Sergia
554 1564 644 1608 nomen,

31 1603 152 1653 Centamn
164 1607 278 1653 invehitur
286 1606 384 1669 mugni;
402 1610 522 1673 Scyllique
533 1611 660 1664 Cloanthus

25 1668 149 1726 caerulei,
162 1686 235 1732 genna
243 1672 305 1717 unde
315 1673 364 1730 tibi,
374 1672 480 1723 Romane
490 1675 590 1729 Cluenti.

63 1735 111 1782 Est
122 1737 203 1798 procul
213 1736 236 1781 in
247 1736 328 1799 pelago
339 1752 418 1785 saxum
427 1743 555 1803 spumantia
566 1752 645 1792 contn

28 1797 120 1856 Litora,
131 1801 194 1862 quod
204 1801 295 1848 tumidis
307 1803 446 1851 submersum
458 1808 559 1853 tunditur
569 1809 624 1858 olim

29 1863 159 1923 Fluctibus,
171 1865 257 1912 hiberni
268 1867 368 1915 condunt
378 1870 415 1915 ubi
429 1870 502 1916 sidera
513 1868 568 1919 Cori
574 1889 583 1928 ς

28 1928 167 1991 Tranquillo
178 1930 236 1987 silet,
247 1931 383 1993 immotique
394 1935 504 1980 attollitur·
514 1935 576 1982 undb

30 1993 142 2058 Campus,
155 2002 178 2042 et
189 1996 268 2058 apricis
278 1998 345 2044 statio
355 1999 484 2059 gratissima
493 2001 585 2061 mergis.

29 2058 80 2106 Hie
90 2061 189 2107 viridem
200 2060 287 2108 AEneas
297 2060 411 2110 frondenti
422 2078 452 2110 ex
462 2064 513 2111 ilice
523 2073 605 2113 metam

29 2122 162 2172 Constituit
172 2126 262 2187 signum
272 2127 348 2173 nautis
357 2135 421 2189 pater
427 2145 436 2186 ;
453 2130 513 2175 unde
523 2132 605 2179 reverti
655 2140 706 2185 180>

30 2188 129 2245 Scirent,
140 2198 166 2236 et
176 2190 259 2252 longos
269 2192 307 2238 ubi
318 2192 494 2243 circumflectere
505 2211 589 2245 cursus.

29 2252 92 2301 Tum
102 2255 156 2301 locu
166 2261 227 2302 sorte
237 2256 325 2318 legunt,
335 2258 422 2321 ipsique
433 2260 456 2306 in
466 2262 575 2323 puppibus
586 2278 642 2314 auro

28 2316 151 2370 Ductores
161 2320 231 2382 longe
242 2320 352 2383 eli'ulgent
363 2332 469 2385 ostroque
479 2327 568 2384 decori;
638 2357 640 2362 ν

29 2382 124 2431 Caetera
134 2383 233 2446 populeh
242 2386 331 2433 relatur
340 2387 419 2435 fronde
427 2391 543 2453 jurentur,

30 2446 185 2509 Nudatosqne
196 2450 302 2497 humeros
313 2452 364 2499 oleo
378 2453 467 2515 perlusa
477 2455 573 2505 nitescit.

31 2513 164 2566 Considunt
174 2516 279 2561 transtris
290 2532 297 2573 3
313 2517 442 2579 intentaque
453 2518 543 2565 brachia
554 2520 637 2574 remir3

30 2576 119 2625 Intenti
131 2586 266 2642 enoectant
277 2581 374 2642 signum,
386 2583 566 2640 exsultantiaque
575 2581 649 2628 haurit

31 2641 110 2692 Corda
120 2657 194 2706 pavor
203 2643 303 2707 pulsans,
313 2646 449 2708 laudumque
459 2651 547 2752 amputa
556 2643 645 2704 cupidop
681 2659 685 2674 ³
