1709 2925
128 105 146 148 4
305 94 488 147 BUCOLICA.
506 96 565 145 an„
577 96 613 144 IL

131 223 236 277 Durnosd
245 228 342 290 pendere
352 227 431 289 procul
440 227 469 273 de
479 243 534 289 rupe
544 226 638 274 videbor

131 293 239 342 Carmina
249 292 310 339 nulla
320 306 397 339 canam
407 308 414 349 ;
432 307 484 346 non,
496 307 534 337 rne
543 301 657 353 pascente,
670 294 773 356 capellae,

130 357 261 407 Florentem
272 357 368 419 cytisum
379 364 404 403 et
413 357 491 403 salices
502 359 597 419 carpetis
607 373 699 404 amaras.

407 484 518 518 amaa.

132 548 181 600 Hle
192 557 266 599 namen
276 552 334 598 haas
345 567 435 599 mecum
443 558 533 613 poteras
544 553 684 612 requiescere
695 562 788 602 noctem

130 616 223 665 Fronde
233 631 299 678 super
309 616 381 663 viridi.
415 617 473 664 Sunt
481 617 544 663 nobis
554 617 617 663 mitia
626 632 698 678 poma,
765 624 800 668 81

133 680 252 730 Cumaeae
263 682 348 737 molles,
359 688 383 728 et
393 682 463 744 pressi
474 682 538 743 copia
548 681 623 740 laclis5

133 745 167 794 Et
173 749 220 810 jam
232 762 319 794 summa
329 747 407 809 procul
417 747 520 793 villarum
532 746 629 793 culmina
638 745 741 805 fumant3

132 810 277 877 Majoresque
287 813 370 861 cadunt
380 812 431 859 altis
442 812 470 859 de
480 812 593 860 montibus
604 813 695 860 umbrae.

370 1005 511 1056 ECLOGA
528 1006 562 1055 ll.

421 1137 508 1185 Alesia

132 1262 272 1313 Formosas(
282 1272 359 1327 pastor
369 1263 478 1327 Corydon
485 1267 574 1313 ardebat
585 1264 677 1321 Alexin,

130 1328 233 1378 Delicias
243 1332 341 1388 domini3
359 1346 407 1386 nec,
418 1332 472 1391 quid
483 1338 587 1393 speraret,
599 1332 698 1377 habebat,

130 1393 231 1442 Tantum
242 1397 301 1442 inter
311 1396 398 1449 densas,
409 1397 513 1442 umbrosa
523 1396 644 1449 cacumina,
655 1396 721 1458 lagos

130 1459 231 1508 Assidue
241 1461 357 1518 veniebat3
373 1460 403 1508 ibi
414 1461 464 1508 haec
474 1460 586 1508 incondita
597 1460 658 1508 solus

132 1525 252 1573 Montibus
262 1534 286 1573 et
296 1526 358 1573 silvis
368 1527 443 1573 studio
449 1527 548 1588 jocabar
559 1527 632 1572 inani:

164 1590 186 1640 Ο
197 1592 292 1639 crudelis
302 1590 377 1646 Alexi,
388 1592 444 1638 nihil
455 1607 504 1639 mea
514 1593 612 1638 carmina
622 1590 703 1637 curas?

130 1654 173 1704 Nil
184 1656 254 1704 nostri
264 1656 385 1703 miserere?
402 1657 460 1705 mori
470 1673 507 1704 me
517 1657 612 1717 denique
622 1671 698 1717 coges.

130 1719 201 1769 Nunc
212 1721 278 1770 etiarn
289 1721 386 1783 pecudes
396 1723 486 1769 umbras
495 1729 518 1768 et
528 1720 614 1783 frigora
624 1728 730 1782 captam

129 1783 201 1833 Nunc
211 1787 294 1834 virides
304 1788 371 1833 etiarn
382 1788 496 1834 occultant
507 1787 593 1848 spineta
603 1786 713 1843 lacertos;

130 1849 247 1914 Thestylis
258 1859 280 1898 et
291 1852 367 1913 rapido
377 1851 444 1899 fessis
453 1851 587 1898 messoribus
598 1857 655 1896 aestu
765 1854 800 1899 10

129 1915 192 1963 Allia
199 1917 364 1978 serpyllumque
374 1918 453 1967 herbas
463 1915 581 1964 contundit
588 1916 689 1962 olentes:

131 1979 167 2028 Al
177 1996 265 2028 mecum
272 1983 356 2036 raucis,
367 1990 406 2029 tua
416 1983 470 2028 dura
481 1981 578 2043 vestigia
587 1981 666 2034 lustro,

106 2057 108 2065 ‘
131 2045 185 2092 Sole
196 2046 236 2093 sub
246 2047 332 2105 ardenti
342 2054 448 2093 resonant
458 2046 547 2092 arbusta
557 2045 647 2092 cicadis.

130 2109 216 2156 Nonne
226 2109 268 2156 fuit
279 2112 355 2165 satius,
366 2112 441 2157 tristes
452 2109 599 2169 Amaryllidis
609 2111 654 2155 iras

131 2173 209 2235 Atque
221 2176 313 2236 superba
324 2175 369 2237 pati
380 2174 485 2221 fastidia?
502 2189 578 2220 nonne
589 2173 728 2220 Menalcan?

129 2239 241 2294 Quamvis
251 2239 289 2286 ille
299 2241 371 2302 niger,
382 2240 484 2300 quamvis
495 2246 519 2284 tu
531 2239 637 2285 candidus
649 2236 724 2285 esses(

129 2303 152 2351 Ο
163 2303 261 2352 formose
271 2320 333 2367 puer,
344 2305 438 2350 nimium
450 2318 478 2350 ne
488 2304 554 2350 crede
565 2304 641 2352 colori.
666 2352 668 2357 ,

127 2369 188 2416 Alba
198 2370 293 2432 ligustra
302 2369 391 2423 cadunt,
403 2369 503 2415 vaccinia
513 2369 578 2430 nigra
587 2369 701 2430 leguntur.

127 2433 256 2497 Despectus
267 2434 305 2480 tibi
317 2446 373 2486 sum,
382 2448 431 2487 nec,
443 2434 481 2494 qui
493 2435 542 2488 sim,
553 2433 643 2493 quaen‘s,
654 2431 738 2488 Alexi;

129 2499 205 2554 Quam
217 2498 279 2546 dives
289 2498 382 2558 pecoris,
394 2499 454 2545 nivei
466 2513 532 2560 quara
542 2498 607 2544 lactis
616 2498 738 2544 abundans.
761 2501 796 2545 20

127 2561 195 2611 Mille
205 2577 262 2610 meae
275 2562 356 2609 Siculis
366 2563 477 2609 errantia
488 2563 601 2609 montibus
612 2577 686 2623 agnae.
750 2574 751 2579 ¹
786 2596 789 2605 .

122 2625 172 2677 Lac
182 2628 237 2677 mihi
247 2642 294 2677 noa
304 2633 383 2677 astate
393 2643 486 2684 aarum,
496 2643 543 2675 non
554 2627 638 2691 frigore
648 2624 709 2678 defit.

579 2718 585 2745 Ι
