1709 2925
111 86 164 147 ‘ns
307 91 472 144 nnnmos
488 49 589 143 nun

114 222 192 287 Eripe,
203 235 262 280 uste,
271 224 358 286 fugam,
368 222 481 285 finemque
491 224 582 287 impone
591 223 669 273 labori.

113 287 233 350 Nusquam
244 290 317 344 ubero,
328 296 351 336 et
361 296 436 336 tutum
446 289 518 351 patrio
529 297 553 336 te
563 289 639 337 limine
649 290 739 340 sistam.

114 353 227 403 Dixerat:
247 361 270 400 et
280 354 358 415 spissis
368 355 441 401 noetis
452 369 477 400 se
488 353 588 400 condidit
597 348 691 403 umbris.
736 359 784 404 621

114 419 232 482 Apparent
241 417 296 465 ‹lirse
306 417 382 474 iacies,
393 419 526 480 inimicaque
536 417 615 482 Trojae

65 486 70 493 '
114 482 217 532 Numina
227 498 311 546 magna
320 481 408 531 Deum.

146 546 208 596 Tum
219 564 273 595 vero
285 562 353 596 omne
363 548 417 594 mibi
428 548 502 595 visum
513 548 630 596 considere
641 549 665 595 in
675 548 746 612 ignes

114 611 192 671 Ilium,
203 620 227 660 et
235 627 267 660 ex
277 613 323 660 imo
333 614 391 661 verti
402 611 519 674 Neptunia
528 612 613 676 Troja;

113 678 152 727 Ae
162 678 239 734 veluti,
250 679 344 726 summis
354 678 467 739 antiquam
478 679 501 724 in
513 679 626 725 montibus
635 693 719 727 ornum

115 741 176 792 Cum
186 743 246 791 ferro
256 744 352 791 accisam
362 743 489 803 crebrisque
498 743 630 805 bipennibus
640 743 727 792 instant

114 807 204 857 Emere
215 809 321 871 agricole
332 808 449 867 certetim3
465 808 503 854 illa
514 823 585 869 usque
596 808 699 864 minetur,

114 870 149 921 Et
160 873 290 922 tremefacta
300 887 387 920 comum
398 887 508 920 concusso
518 873 603 919 vertice
614 879 694 931 nutst;

114 935 253 986 Vulneribus
263 939 334 984 donee
344 937 452 999 paulatim
462 938 535 984 evicta
545 951 674 999 supremum
734 943 787 988 mo

57 1042 61 1053 ,
115 1001 261 1065 congemuit,
272 1001 383 1062 traxitque
388 1002 454 1064 jugis
463 1001 541 1049 evulsa
550 1004 646 1049 ruinam·
787 1008 790 1013 ’

64 1118 66 1123 ,
115 1065 245 1121 Descende,
254 1081 287 1122 se,
298 1066 394 1113 ducente
406 1066 466 1122 Deo,
478 1066 591 1114 flammam
601 1068 661 1113 inter
671 1073 695 1114 et
704 1067 785 1118 hostes

114 1130 246 1194 Expedior;
263 1131 318 1178 dsnt
328 1131 373 1179 tels
383 1131 465 1187 lacurn,
476 1130 618 1192 flammaeque
628 1131 744 1179 recedunt.

147 1197 230 1258 Atque,
242 1196 279 1244 ubi
285 1198 334 1258 Jnm
345 1197 423 1258 patriae
433 1204 566 1259 perventum
577 1197 605 1244 ad
614 1196 693 1243 limina
703 1197 763 1245 sedis

115 1262 272 1323 Antiquusque
283 1261 369 1316 mmor,
380 1261 478 1323 genitor,
489 1276 556 1321 quem
568 1260 646 1308 tollere
656 1262 681 1307 in
692 1261 752 1310 ultor

115 1326 225 1388 opubsm
237 1325 334 1388 primum
345 1333 443 1383 montes,
453 1325 594 1387 primumque
603 1326 714 1388 petebam.

115 1391 222 1453 Abnegat
232 1388 308 1438 excisi
317 1391 387 1438 vium
397 1391 520 1452 producere
530 1389 608 1452 ijs,

115 1454 273 1518 Exsiliumque
282 1455 336 1518 psti.
372 1452 423 1502 Vos
434 1473 455 1511 ο,
466 1455 546 1517 quibus
557 1456 645 1518 integer
655 1456 700 1504 aeri

116 1520 220 1584 Sanguis,
232 1521 270 1578 eit,
282 1520 403 1582 solideque
414 1536 455 1568 suo
466 1528 528 1568 stant
538 1522 617 1569 robore
627 1521 694 1577 vires,
816 1537 820 1546 ’

115 1584 166 1633 Vos
177 1585 261 1647 agitate
270 1584 356 1647 fugem.
737 1590 786 1638 6⁴0

116 1649 161 1699 Me
172 1651 191 1697 si
203 1650 312 1697 eoelicolae
324 1649 449 1698 voluissent
460 1651 542 1699 (lucere
552 1652 629 1707 vitem,

116 1714 169 1764 Has
179 1715 234 1763 mibi
245 1713 373 1763 servissent
383 1715 455 1763 sedes·
487 1716 547 1764 Satis
557 1731 602 1764 una
612 1730 723 1778 superque

116 1778 222 1829 Vidimus
232 1780 336 1836 exscidia,
347 1786 370 1827 et
380 1785 453 1842 enptae
463 1780 617 1843 superavimus
628 1781 685 1829 urbi.

118 1844 157 1894 stc
168 1862 192 1904 o,
203 1846 237 1894 sie
248 1846 346 1909 positum
358 1841 418 1893 effati
428 1846 536 1893 diseedite
546 1861 635 1907 corpus.

115 1907 170 1971 Ipse
180 1925 248 1958 manu
259 1918 354 1960 mortem
364 1911 487 1958 inveniam.
517 1909 664 1958 Miserebitur
674 1911 753 1969 bostis,

116 1973 263 2035 Exuviarque
272 1983 341 2038 petet.
372 1973 456 2022 Facilis
462 1977 553 2037 jactura
562 1974 665 2038 sepulcri.

116 2038 134 2088 J
135 2039 256 2100 amprirlem
267 2040 354 2087 invisus
365 2038 440 2095 Divis,
452 2047 476 2086 et
486 2039 578 2095 inutilis,
589 2055 661 2088 anans
785 2061 791 2072 ¹

116 2101 267 2215 Ilemurolpp¹
263 2119 293 2153 ex
302 2120 348 2167 qun
356 2119 396 2154 me
406 2103 496 2152 Divum
507 2103 575 2153 Peter
585 2113 652 2167 atque
667 2104 789 2154 bominum

116 2229 228 2279 Fulminis
238 2231 322 2282 efflavit
332 2234 415 2291 ventis,
426 2242 450 2282 et
460 2235 557 2297 contigit
567 2234 623 2297 igni.

115 2294 182 2345 Talin
191 2298 303 2358 perstabat
312 2312 448 2355 memorans,
459 2299 561 2361 fixusque
571 2299 684 2346 manebat
738 2301 793 2348 usn

115 2360 168 2409 Nos
179 2369 263 2417 contre,
274 2362 339 2409 effusi
349 2363 461 2424 lacrymis,
472 2362 706 2427 conjuxque-Crebra,

116 2427 280 2488 Asenniusque,
292 2427 410 2488 omnisque
420 2429 509 2483 domus,
520 2445 550 2476 ne
560 2437 650 2477 vertere
660 2442 739 2476 seeum

117 2489 208 2539 Cuncta
217 2500 287 2554 puter,
297 2492 389 2553 fatoque
400 2495 491 2555 urgenti
503 2495 631 2542 incumbere
641 2492 719 2542 vellet·
791 2544 793 2548 ,

116 2556 230 2619 Abnegat,
241 2557 376 2619 inceptoque
386 2565 410 2604 et
419 2558 510 2606 sedibm
520 2561 592 2607 baeret
602 2560 628 2605 in
637 2558 716 2604 isdem.

116 2616 206 2670 Rursus
216 2622 240 2671 in
250 2637 313 2670 arms
321 2622 390 2679 teror,
400 2629 541 2686 mommqne
551 2624 692 2673 miserrimus
703 2630 769 2685 opto:
788 2647 791 2652 ,
