1709 2925
247 113 412 169 AENElDOS
429 115 482 167 er.
494 107 549 166 Irt‘
682 121 729 167 ata

40 251 137 301 Nocte
147 264 215 313 super
224 249 299 298 medii
305 267 313 309 ;
330 250 374 297 tuti
385 251 426 296 sub
437 250 545 296 matribus
556 247 610 310 agni
697 251 727 294 61

42 318 167 367 Belatum
179 324 299 363 exercent:
319 316 357 362 ille
368 330 433 377 asper
443 322 466 361 et
476 314 592 377 improbus
599 311 635 360 ἰή

46 383 133 431 Saevit
143 382 167 428 in
180 382 296 428 absentes:
316 380 410 427 collecta
419 381 500 442 fatigat
510 378 590 426 edendi

46 447 98 495 Ex
109 447 184 509 longo
195 446 273 502 rabies,
284 452 308 492 et
319 446 385 493 siccae
396 446 506 508 sanguine
515 444 607 491 fauces:

48 512 133 559 Haud
141 512 209 558 ubter
219 510 314 567 Rutulo,
325 525 402 557 muros
413 518 521 573 etpastra
530 508 610 564 tuenti,

51 577 191 639 Ignescunt
200 576 256 632 irae3
274 576 334 623 duris
346 576 410 623 dolor
421 576 508 623 ossibus
518 575 580 621 ardet
586 590 595 630 3

54 641 119 696 Qut
131 647 205 689 tentet
216 642 302 688 ratione
312 641 392 695 aditus.
403 646 427 687 et
437 655 489 700 quae
499 640 537 686 via
547 639 636 684 clausos

51 706 176 755 Excutiat
185 704 287 753 Teucros
296 707 363 762 vallo,
374 712 442 767 atque
452 703 552 751 effundat
562 704 585 748 in
596 717 682 762 aequor.
739 727 743 734 ·

53 770 176 825 Classem,
187 786 238 832 quae
247 771 313 818 lateri
324 781 449 818 castrorum
458 771 563 832 adjuncta
571 768 661 822 latebat,
737 821 739 826 Ι

54 837 198 899 Aggeribus
208 844 293 897 septam
304 838 389 883 circum
400 843 424 882 et
434 835 560 881 sunalbus
570 833 643 887 undis,
700 835 733 878 70

51 899 171 958 Invadit3
189 902 306 963 sociosque
316 902 418 948 incendia
428 901 502 962 poscit
511 905 620 954 orantes3
779 891 781 898 ’

54 968 141 1028 Atque
152 980 244 1012 manum
255 967 310 1028 pinu
321 966 426 1030 flagranti
436 965 536 1011 fervidus
547 962 633 1025 implet.

54 1030 124 1079 Tum
136 1046 192 1078 vero
203 1031 350 1089 incumbunt;
370 1038 438 1094 urget
448 1029 568 1093 praesentis
577 1026 671 1085 Turn13

56 1097 142 1158 Atque
154 1096 228 1143 omnis
238 1096 322 1143 facibus
332 1097 402 1158 pubes
412 1098 537 1157 accingitur
548 1094 609 1141 utris.

55 1159 189 1224 Diripuere
198 1160 277 1219 socos;
291 1163 380 1224 piceum
390 1161 435 1207 fert
445 1161 531 1207 fumida
540 1161 617 1207 lumen

56 1225 142 1282 Taeuu
154 1233 179 1273 et
189 1228 335 1274 commixtam
347 1225 466 1273 Vulcanus
477 1226 505 1272 ad
516 1232 576 1271 astra
585 1221 693 1270 favillam.

94 1291 158 1346 Quis
170 1289 243 1347 Deus,
255 1308 269 1338 o
281 1291 365 1347 Musae,
377 1298 423 1337 tam
436 1305 498 1338 saeva
508 1289 610 1337 incendia
620 1286 719 1335 Teucris

57 1355 175 1406 Avertit?
191 1364 266 1403 tantos
277 1358 361 1403 ratibus
371 1356 422 1418 quis
433 1356 517 1418 depulit
527 1353 609 1417 ignes?

58 1422 150 1472 Dicite.
184 1420 263 1470 Prisca
272 1421 403 1478 fidessacto,
414 1422 455 1469 sed
465 1421 525 1469 ferna
535 1418 647 1483 perennis·
742 1439 747 1446 “

57 1488 180 1551 Tempore
190 1503 235 1549 quo
245 1488 343 1550 primum
355 1485 457 1550 Phrygia
467 1487 577 1534 formabat
587 1487 610 1532 in
623 1481 665 1532 lut
703 1484 737 1529 80

58 1554 153 1603 AEneas
164 1553 267 1606 classem,
278 1559 302 1600 et
312 1550 387 1615 pelagi
398 1560 474 1615 petere
485 1553 531 1600 alta
540 1552 639 1614 parabat,

61 1617 121 1681 Ipsa
131 1617 212 1665 Detlm
223 1617 296 1664 fertur
307 1619 413 1666 Genitrix
425 1617 562 1679 Berecyntia
572 1628 683 1677 magnum

59 1682 168 1731 Vocibus
179 1682 215 1729 bis
225 1682 291 1730 affata
296 1682 399 1732 Jorem:
419 1682 466 1738 Da,
477 1690 536 1735 nate,
547 1681 639 1743 petenti,

63 1749 137 1804 Quod
150 1756 190 1795 tua
200 1761 252 1794 cara
258 1763 340 1810 parens
350 1748 436 1794 domito
448 1754 471 1794 te
481 1746 555 1809 poscit
565 1745 673 1807 Olympo.

62 1814 140 1863 Putea
151 1813 209 1860 silva
219 1812 280 1867 mihi,
291 1814 376 1861 multos
387 1813 469 1859 dilecta
478 1828 519 1874 per
529 1824 607 1863 annos,
746 1859 748 1865 y

63 1878 159 1992 &Lucus
170 1878 194 1925 in
205 1892 256 1957 arce
266 1877 310 1925 fuit
320 1875 416 1935 summb,
427 1890 473 1937 quo
484 1890 549 1923 sacra
558 1874 669 1931 ferebant,

65 1949 177 2070 Ηὲἶέῗ
187 1945 402 2071 bilillttli
412 1936 653 2066 iffi'ilsstisssssssse‘l

63 2073 136 2121 Laeta
146 2073 213 2120 dedi:
232 2088 293 2120 nunc
305 2073 422 2120 sollicitum
433 2074 503 2119 timor
512 2070 592 2118 anxius
604 2074 678 2131 urget

65 2138 138 2187 Solve
145 2145 229 2194 metus,
239 2145 305 2197 atque
313 2139 357 2184 boo
364 2138 467 2201 precibus
478 2136 527 2183 sine
536 2151 603 2198 posse
614 2138 739 2198 parentent,

64 2202 106 2251 Ne
116 2218 185 2250 cursu
197 2210 308 2263 quassatae
319 2203 371 2258 ullo,
384 2219 429 2250 neu
440 2203 529 2250 turbine
538 2200 601 2248 venti
706 2200 736 2245 91

65 2268 211 2325 vincentum
229 2269 299 2329 prosit
310 2269 393 2315 nostris
404 2269 427 2315 in
439 2268 553 2315 montibus
563 2274 631 2313 ortas.

65 2333 142 2382 Filius
153 2332 205 2379 huic
216 2340 302 2388 contra,
313 2340 402 2395 torquet
414 2334 452 2395 qui
463 2334 537 2379 sidera
546 2330 639 2378 mundi:
740 2338 742 2343 ‘

67 2398 90 2446 0
102 2399 210 2460 genitrix,
219 2413 263 2458 quo
273 2397 321 2446 sata
330 2397 417 2446 vocas?
434 2405 473 2445 aut
483 2398 536 2459 quid
546 2398 605 2458 petis
615 2391 685 2441 istis?

67 2463 195 2513 Mortaline
206 2477 274 2510 mauu
285 2463 351 2511 factae
362 2463 491 2510 immortale
501 2463 584 2509 carinae

68 2527 116 2577 Fas
127 2527 241 2575 habeant?
258 2537 376 2590 certusque
386 2530 472 2576 ineerta
482 2526 581 2589 pericula
591 2524 672 2569 lustret

70 2592 180 2642 AEneas?
196 2594 233 2640 cui
243 2599 307 2641 tanta
316 2593 371 2641 Deo
382 2595 491 2656 permissa
500 2586 618 2653 potestas?

14 2720 18 2735 Ι
69 2657 146 2709 Immo
157 2658 195 2707 ubi
206 2657 319 2708 defunctae
329 2658 399 2709 finem
409 2669 532 2723 portusque
542 2653 652 2702 tenebunt
