1709 2925
124 126 172 174 tto
312 120 477 172 AENEIDOS
493 120 547 170 Lm.
557 120 602 170 1v.

128 253 215 303 Urbem
225 252 355 316 preclarum
367 255 449 311 stetui3
466 260 517 300 mee
526 251 612 300 moenia
621 254 685 311 vion

129 320 187 368 Uita
196 321 276 372 virum,
288 332 367 380 poeuas
376 319 469 365 inimico
480 317 573 387 sfrepre
582 320 673 381 recepi:

129 384 202 439 Felix,
213 382 272 431 heu!
285 383 380 429 nimium
389 383 452 438 felix,
463 384 482 430 si
492 383 558 429 litore
568 389 658 429 tentum

128 449 254 509 Nunquam
260 447 385 495 Bardmiae
395 449 525 511 tetigissent
534 455 612 495 nomm
619 447 718 498 carine!

129 513 199 564 Dixit
205 530 213 571 ;
230 519 260 569 et,
272 528 298 560 os
309 513 417 575 impresse
427 519 486 568 toro,
498 511 626 559 Moriemur
636 513 733 561 inuitae!

129 580 175 627 Sed
185 578 316 634 moriamur,
327 579 366 625 ait
398 577 444 633 Sic,
456 580 489 624 sio
494 579 561 640 Juvat
571 579 605 624 ire
615 580 658 625 sub
668 580 769 627 umbras·

131 643 231 691 Hauriat
241 644 301 691 huuc
312 643 384 690 oculis
394 644 473 705 ignem
483 643 618 690 crudelisab
628 643 676 690 nito
753 645 798 692 661

130 708 260 764 Dnrdenus,
270 716 295 756 et
305 715 391 756 nostre
400 723 478 755 secum
488 706 547 755 seret
556 708 634 755 omine
643 709 735 757 mortis.

163 772 269 821 Dixerat.
301 774 378 835 Atque
388 773 449 820 iliam
460 773 534 820 media
543 773 603 819 inter
612 774 667 821 talia
676 773 740 822 ferro

131 836 262 901 Collupsem
272 839 397 901 adspiciunt
407 839 510 895 comites,
518 853 640 900 ensemque
650 854 734 887 cruore

132 904 286 968 Spumantem,
297 919 429 965 sparsasque
440 919 527 950 manus.
561 903 584 951 It
594 904 681 951 clamor
691 906 721 952 nd
732 904 776 952 eiu

130 969 214 1027 Atrie3
231 984 364 1017 concussam
374 969 495 1016 bacchetur
505 968 577 1015 Fama
587 984 628 1031 per
639 970 728 1018 urbem.

131 1034 256 1087 Lamentis,
268 1035 407 1096 gemituque,
416 1042 440 1081 et
449 1033 548 1081 femineo
559 1034 655 1088 ululatu,

130 1098 203 1149 Tecta
213 1099 328 1155 fremitum
344 1107 435 1146 resonet
445 1100 535 1161 magnis
544 1100 693 1162 plangoribus
704 1101 788 1148 ether:

130 1164 188 1212 Non
198 1164 271 1222 aliter,
282 1179 349 1225 quam
360 1165 379 1212 si
389 1165 496 1211 immissis
506 1171 557 1211 rust
566 1164 669 1211 hostibus
679 1167 756 1213 omnis

132 1227 257 1292 carthago,
269 1231 409 1290 nutantique
419 1228 511 1290 Tyros3
527 1228 673 1290 flnmmaeque
682 1230 783 1278 furentes

132 1292 239 1343 Culminn
248 1310 333 1357 perque
343 1296 460 1342 bominum
468 1295 594 1349 volventur,
605 1309 692 1356 perque
702 1296 798 1345 deorum.

131 1358 212 1407 Audiit
223 1360 338 1413 exanimis,
350 1359 482 1421 trepidoque
494 1360 602 1407 exterrita
612 1376 688 1415 cursu,
754 1363 799 1409 672

132 1423 255 1487 Unguibus
266 1439 306 1472 ora
316 1439 380 1472 soror
390 1423 485 1479 soedens,
496 1431 520 1471 et
530 1432 622 1488 pectma
628 1426 723 1488 pugnis,

131 1489 177 1538 Per
187 1490 273 1537 medios
284 1490 337 1545 ruit,
349 1505 376 1536 ac
387 1491 521 1537 morientem
533 1492 625 1537 nomine
634 1491 733 1540 olamsts

132 1553 188 1602 Hoc
197 1554 259 1611 illud,
271 1569 386 1616 germana,
396 1554 457 1602 fuit?
474 1570 511 1601 me
521 1554 600 1602 fraude
609 1557 720 1620 petebas?

132 1618 188 1667 Hoc
199 1633 269 1681 rogus
279 1620 322 1666 iste
333 1620 395 1674 mihi,
406 1621 451 1666 hoc
460 1621 527 1682 ignes
535 1636 626 1681 eraeque
635 1621 762 1682 parabunt?

132 1684 195 1741 Quid
205 1686 302 1747 primum
313 1685 401 1732 deserta
411 1684 509 1747 quereri
525 1686 662 1732 comitemne
672 1702 771 1734 sororem

131 1750 243 1813 Sprevisti
253 1749 369 1799 moriens?
393 1750 482 1797 Eadem
493 1766 531 1797 me
538 1751 567 1797 ad
576 1750 622 1797 fata
633 1749 753 1799 voedsses:

132 1815 198 1864 Idem
210 1817 286 1864 ambas
296 1816 357 1864 ferro
367 1816 437 1870 dolor,
449 1822 516 1877 atque
527 1814 604 1862 eadem
615 1816 672 1862 hora
682 1817 775 1864 tulisset.

132 1880 180 1929 His
190 1883 258 1929 etiem
269 1883 342 1930 struxi
351 1882 461 1934 manibus,
471 1882 599 1942 patriosque
608 1881 690 1928 vocavi
753 1886 798 1930 680

132 1944 199 1994 Voce
210 1948 271 2002 deos,
283 1949 315 1994 sic
325 1954 349 1994 te
360 1954 386 1994 ut
395 1945 470 2009 positi
479 1946 576 1993 crudelis
586 1946 707 1993 abessem?

131 2008 251 2058 Exstinxti
261 2027 300 2060 me
309 2019 383 2074 teque,
395 2028 465 2067 soror,
475 2010 634 2074 populumque,
644 2018 761 2074 petraque

132 2074 245 2132 Sidonios,
257 2077 378 2139 urbemque
389 2084 459 2124 tuem.
492 2075 562 2131 Date,
573 2077 669 2124 vulnere
678 2076 774 2139 lymphis

131 2139 238 2194 Abluem,
249 2147 279 2195 et,
290 2149 406 2189 extrema
417 2144 436 2189 si
447 2142 498 2203 quis
508 2156 576 2205 super
585 2142 668 2188 beiitm
678 2150 744 2199 erret

132 2204 180 2253 Ore
190 2203 273 2266 legam.
307 2207 346 2253 Sic
355 2206 407 2262 feta,
419 2208 504 2270 gradus
514 2214 617 2254 evaserat
627 2207 691 2261 altos,

132 2269 338 2331 semianimemque
348 2272 399 2318 sinu
408 2287 541 2334 gammam
551 2272 655 2334 mnpiexa
664 2270 752 2321 fovebat

133 2333 194 2384 Cum
205 2335 298 2397 gemitu,
310 2342 376 2397 atque
386 2344 448 2384 etros
456 2338 555 2385 siccabat
565 2345 630 2384 veste
640 2352 737 2386 cruores.

131 2399 183 2452 Illa,
194 2414 276 2462 graves
283 2400 362 2448 oculos
372 2408 454 2449 conato
463 2403 572 2458 attollere,
584 2418 662 2450 rursus
721 2437 741 2448 ..

131 2464 226 2513 Deficit
258 2463 358 2513 Ioiixom
369 2468 443 2514 stridit
453 2469 494 2515 sub
504 2475 595 2530 pectore
605 2468 697 2517 vulnus.

131 2528 179 2579 Ter
190 2545 240 2578 sese
250 2531 355 2578 attollens
366 2532 486 2593 cubitoque
497 2534 579 2581 sdoixe
588 2535 687 2591 levavit3
747 2540 793 2585 690

131 2592 179 2641 Ter
190 2596 293 2644 revoluta
303 2603 353 2644 toro
363 2604 405 2652 est,
416 2598 533 2660 oculisque
543 2600 670 2647 errantibus
679 2599 724 2648 sito

132 2657 246 2715 Quaesivit
256 2661 315 2710 coeio
325 2662 407 2719 lucem,
418 2664 574 2727 ingemuitque
585 2663 680 2728 reperti.
