1709 2925
236 146 429 206 ,assinos
445 145 555 195 mvi.
695 155 743 210 22³

62 280 198 330 Proximus
208 279 247 326 ilie
257 278 350 335 Procas,
362 277 469 344 Trojanae
479 277 553 355 gioria
561 278 644 339 gentis.

62 347 101 396 Et
114 344 204 407 Capys,
215 350 239 391 et
249 343 366 399 Numitor,
377 345 449 405 etqui
460 350 484 390 te
493 344 585 391 nomine
596 343 675 391 reddet

64 412 157 461 Silvius
167 410 263 487 AEuem,
273 409 356 471 pariter
365 410 450 471 pretate
460 408 496 455 vei
506 408 588 455 annis
693 412 742 459 760

65 475 227 539 Egregius'
209 489 229 521 ιι
240 489 337 535 unquam
348 473 486 536 regnandam
497 473 608 535 acceperit
618 473 709 522 Albam.

67 542 119 597 Qui
132 542 233 603 iuvenes
243 546 338 600 quantas
348 546 470 594 ostentant,
482 538 578 600 adspice,
588 539 663 588 vires!

66 607 155 666 Atqui
167 606 271 651 umbrata
279 611 362 666 gerunt
373 604 434 651 civili
445 610 547 666 tempora
558 618 649 663 quercu,

68 670 105 718 Hi
117 670 158 717 tibi
171 669 320 725 Nomentum,
330 677 354 716 et
365 670 458 721 Gabios.
469 668 592 728 urbemque
602 667 719 725 Fidenam,

67 735 105 783 Hi
118 733 262 783 Collatinas
257 742 374 796 imponent
383 734 498 780 montibus
508 746 579 786 arces,

68 799 166 912 §raude
177 799 290 861 pudicitiae
300 799 405 853 celebres,
416 797 543 858 addentque
554 797 671 862 superbos]

91 864 198 919 emetiar,
211 861 362 925 Castrumque
373 862 433 917 Inui,
445 861 578 922 Bolamque,
590 859 726 925 Coramque.

70 929 135 977 Haec
143 936 194 976 tum
201 929 372 983 uominaerunt,
380 942 441 975 nunc
449 936 503 973 sunt
510 927 559 974 sine
566 927 659 974 nornine
666 934 740 978 terra

69 994 135 1049 Quin
146 1003 170 1041 et
180 1009 224 1041 avo
234 994 340 1039 comitem
351 1009 401 1040 sese
411 992 541 1040 Mavortius
550 991 618 1038 addet

68 1059 202 1110 Romulusz
218 1058 324 1105 Assaraci
335 1073 402 1134 quem
413 1057 532 1119 sauguinis
542 1054 586 1104 Ilia
596 1065 668 1105 mater

69 1123 170 1172 Educet.
186 1122 279 1170 Vrde'n’
289 1124 420 1185 utgemiuae
431 1130 491 1169 ιιιιιι
501 1123 586 1169 vertice
596 1123 678 1179 cristae,
691 1126 739 1171 780

68 1189 103 1237 Et
113 1198 180 1252 pater
189 1189 238 1252 ipse
248 1204 290 1235 suo
299 1188 427 1265 Superdm
417 1203 466 1249 Jam
477 1188 553 1249 signat
562 1187 665 1234 bonore?

68 1253 117 1310 En,
129 1255 203 1317 hujus,
215 1259 274 1308 uate,
285 1254 389 1314 auspiciis
400 1252 439 1299 illa
448 1253 533 1313 inclyta
544 1251 620 1299 Romu

68 1318 196 1382 Imperium
207 1319 279 1372 terris,
290 1319 377 1365 animos
388 1317 484 1379 aequabit
495 1315 602 1378 Olympo,

71 1385 87 1433 8
118 1392 211 1445 temque
221 1398 267 1429 uua
277 1383 318 1430 sibi
329 1398 394 1429 muro
405 1381 551 1429 circumdabit
561 1396 631 1436 arces,

69 1448 119 1498 Fe
114 1465 138 1497 rx
148 1450 212 1512 prole
222 1448 309 1507 viriim;
325 1448 396 1511 qualis
406 1441 544 1509 Berecyntia
554 1446 632 1495 Mater

70 1513 192 1563 Invehitur
202 1530 270 1562 curru
281 1485 393 1577 Pbrygiae
404 1515 483 1561 turrita
493 1529 534 1576 per
544 1514 617 1568 urbes,

69 1579 138 1628 Laeta
149 1579 228 1627 Deiim
239 1586 310 1641 partu,
322 1588 413 1626 centum
423 1579 541 1642 complexa
551 1586 652 1640 nepotes,

70 1645 159 1693 Omnes
169 1644 290 1700 coelicoiaa.
302 1659 381 1691 omues
391 1659 471 1721 supera
481 1645 527 1690 alta
536 1650 647 1690 tenentes.

70 1710 128 1758 Huc
135 1724 239 1772 geminas
248 1724 308 1756 nunc
315 1709 382 1756 flecte
390 1725 464 1766 acres
475 1709 533 1756 banc
540 1708 629 1768 adspice
636 1714 736 1768 gentem,

69 1775 234 1836 Romanosque
244 1782 303 1822 tuos.
335 1772 384 1820 Hic
396 1772 482 1828 Caesar,
493 1780 517 1819 et
526 1772 600 1818 omnis
611 1768 656 1817 Iuli
688 1774 739 1820 ’190

71 1840 205 1903 Progenies,
216 1854 324 1901 magnum
335 1840 387 1886 coeii
398 1846 496 1886 ventura
505 1838 546 1883 sub
556 1850 630 1883 axem.
675 1856 676 1859 ¹

70 1905 152 1953 Hic
131 1918 172 1960 ιιι,
184 1905 220 1952 iric
231 1912 272 1960 eat,
283 1905 322 1952 tibi
333 1919 400 1965 quern
411 1902 511 1965 promitti
522 1902 605 1963 saepius
615 1900 687 1960 audis,

69 1972 192 2033 Augustus
204 1967 289 2024 Cesar,
297 1968 359 2026 Divi
369 1984 460 2031 genus;
477 1982 545 2013 aurea
554 1965 661 2014 condet

70 2035 161 2083 Saecula
171 2034 209 2095 qui
220 2050 297 2081 rursus
308 2033 383 2089 Latio,
395 2040 490 2095 regnata
500 2047 540 2094 per
550 2046 605 2078 arva

70 2101 169 2148 Saturno
179 2100 309 2161 quondam3
327 2115 394 2161 super
404 2105 427 2145 et
439 2099 589 2146 Garamantas
598 2104 623 2144 et
633 2095 704 2146 Indos

69 2163 175 2213 Proieret
184 2165 245 2226 impe
246 2164 310 2211 rium
342 2163 410 2212 Jacet
419 2170 485 2210 extra
493 2163 566 2210 sidera
575 2163 650 2220 telius,

69 2230 145 2279 Extra
154 2245 208 2277 auur
201 2228 355 2291 Solisque
333 2244 388 2284 mas,
399 2229 438 2275 nbi
448 2227 535 2275 crelifer
545 2227 612 2275 Atlas

70 2296 146 2343 Axem
157 2295 252 2342 humero
263 2302 353 2355 torquet
363 2293 434 2342 stellis
444 2294 572 2340 ardentibus
581 2301 666 2357 aptum·

71 2359 149 2424 Hujus
159 2359 182 2406 in
194 2361 333 2407 adveutum'
323 2375 372 2422 Jnru
383 2373 444 2405 nunc
454 2366 478 2405 et
489 2356 572 2421 Caspia
582 2373 653 2421 regua

70 2425 196 2488 Responsis
206 2425 300 2472 horrent
309 2423 405 2476 Divum.
416 2431 440 2471 et
451 2423 550 2471 Moeotia
559 2424 635 2477 telius,
687 2425 737 2469 80⁰

71 2490 104 2541 Et
114 2490 287 2602 ιιριειιιὶΐιιιίιιί
298 2491 389 2536 turbant
398 2489 485 2550 trepida
495 2489 553 2535 ostia
564 2486 620 2533 Nili.
703 2491 705 2497 '

70 2555 122 2603 Nec
130 2570 185 2602 vero
228 2554 289 2601 eides
299 2562 387 2601 tautum
397 2553 484 2600 telluris
494 2553 580 2606 obivit3

71 2620 158 2668 Fuerit
168 2619 265 2682 aeripede
209 2619 288 2682 pedem
299 2634 389 2666 cervam
400 2619 459 2671 iicet,
471 2623 510 2663 aut
520 2584 658 2673 Erymanthi

71 2684 161 2735 Pacarii
171 2698 271 2779 nemora,
283 2691 306 2733 et
314 2683 414 2733 Lernam
424 2678 574 2731 tremefecerit
584 2691 645 2753 arcu.
