1709 2925
130 135 178 182 8⁴2
313 124 479 176 AENEIDOS
495 124 549 173 hm.
559 124 615 175 XI„

129 257 188 310 Huc
198 258 296 321 periture
306 257 379 315 ueni;·
390 258 465 319 capias
475 265 502 304 ut
512 256 582 318 digna
591 254 703 306 Camillae

132 326 238 374 Praemia.
270 322 338 369 Tune
348 324 416 369 etiam
428 323 480 368 telis
490 319 588 368 moriere
600 321 709 369 Dianae?

133 390 208 444 Dixit,
220 395 244 437 et
254 385 331 435 aurati
341 389 457 435 volumem
469 386 578 434 'l'nreIssa
589 388 701 449 sagittam

133 454 269 518 Dcpromsit
279 452 392 514 pharetra,
403 468 518 513 cornuque
529 451 618 498 infensa
629 454 740 511 tetendit,

134 519 168 569 Et
178 520 242 567 duxit
252 518 328 580 longe,
340 519 412 565 donec
422 525 516 564 comata
526 517 613 563 coirent
762 523 814 571 860

135 584 199 632 Inter
210 599 235 631 se
246 584 326 645 capitu,
337 591 361 629 et
371 584 528 645 manibusjam
540 589 647 643 taugeret
658 584 740 643 aequis,

135 647 209 696 Laevt
219 649 290 695 aciem
300 648 360 703 ferri,
372 648 452 695 dextri
462 662 576 708 nervoque
587 647 703 709 papillam.

135 713 260 776 Extemplo
271 713 309 761 teli
320 713 438 759 stridorem
450 727 560 772 aurasque
570 720 681 759 sonantes

136 779 218 827 Audiit
228 777 273 826 und
283 779 379 832 Arruns,
390 779 500 839 desitque
511 779 533 823 in
545 793 640 839 corpore
651 776 748 826 serrum.

137 842 207 892 Illum
218 845 368 906 exspirantem
378 843 432 889 socii
440 853 508 904 atque
515 851 616 889 extrema
622 852 758 904 gestientem
805 894 808 899 ,

138 909 210 957 Obliti
220 911 300 972 ignoto
310 923 441 970 camporum
452 909 475 954 in
487 907 578 968 pulvere
589 908 697 969 linquunt
703 925 713 965 ;

138 974 196 1038 Opis
207 974 235 1021 ad
246 975 369 1021 ethereum
381 974 462 1034 pennis
473 972 573 1018 aufertur
584 971 721 1034 Olympum.

171 1039 249 1087 Prima
258 1038 325 1100 fugit,
337 1037 429 1085 domini
440 1037 528 1092 amissi,
538 1038 599 1086 levia
607 1038 643 1084 alu
655 1036 775 1087 Camilla:

139 1103 233 1151 Turbati
243 1102 335 1166 lugiunt
345 1102 442 1160 Rutuli;
456 1102 518 1166 sugit
528 1118 580 1150 acer
591 1102 675 1150 Atinas
682 1120 700 1166 ;,

93 1208 96 1215 .
140 1169 283 1232 Disjoctique
294 1168 362 1215 duces
373 1168 513 1229 desolatique
523 1168 616 1230 manipli
765 1174 810 1217 870

140 1233 203 1282 Tuta
211 1240 298 1297 petunt,
310 1242 333 1281 et
343 1235 406 1294 equis
417 1234 490 1280 aversi
502 1233 530 1280 ad
541 1233 627 1280 moeuia
637 1233 744 1282 tendunt.

140 1298 193 1347 Nec
204 1300 320 1360 quisquam
331 1299 442 1345 instantes
452 1297 555 1345 Teucros
566 1299 684 1359 letumque
694 1299 802 1355 terentes,

142 1365 275 1423 sustentare
285 1364 345 1410 valet
356 1363 414 1419 telis,
426 1371 466 1410 aut
477 1365 556 1410 sistere
568 1372 660 1410 contra:
799 1414 803 1421 ,

143 1429 189 1479 Sed
199 1429 263 1477 laxos
274 1427 373 1476 referunt
383 1429 484 1477 humeris
494 1429 653 1491 languentibus
663 1445 747 1488 arcus3

143 1495 364 1557 Quadrupedumque
380 1502 469 1558 putrem
487 1510 554 1543 cursu
570 1497 643 1556 quatit
653 1497 742 1558 ungula
752 1512 809 1545 eam·

255 1575 301 1607 um.

144 1576 255 1673 Volvitui)
261 1626 290 1671 ad
300 1641 378 1672 muros
388 1624 486 1688 caligine
497 1625 598 1673 turbidus
608 1625 660 1673 atra

145 1690 232 1749 Pulvis,
244 1697 267 1737 et
278 1706 291 1736 e
302 1692 398 1753 speculis
408 1706 522 1753 percussae
531 1699 623 1753 pectora
633 1698 720 1739 matres
732 1743 735 1752 ,

145 1756 280 1806 Femineum
291 1756 413 1804 clamorem
424 1757 453 1803 ad
464 1757 516 1803 coeli
528 1756 601 1803 sidera
610 1757 703 1804 tollunt.

146 1821 194 1876 Qui
205 1838 272 1869 cursu
283 1829 358 1884 portas
368 1822 435 1883 primi
446 1819 545 1884 irrupere
555 1829 666 1885 patentes,

146 1885 201 1948 Hos
211 1887 302 1934 inimica
311 1902 378 1949 super
388 1888 461 1933 mixto
466 1888 554 1948 ,premit
563 1887 656 1949 agmim
666 1887 746 1945 turba3
769 1889 811 1933 880

125 1957 128 1968 ¹
146 1951 199 2000 Nec
209 1953 313 2000 miseram
324 1951 437 2014 effugiunt
447 1960 550 2007 mortem,
562 1952 602 2000 sed
612 1952 691 1999 limine
703 1953 792 2016 inipso,

145 2014 265 2064 Moenibua
275 2019 299 2063 in
310 2018 394 2078 patriis,
404 2024 473 2077 atque
483 2018 542 2064 iuter
552 2023 602 2064 tuta
612 2017 741 2073 domorum,

147 2079 239 2130 confixi
249 2083 364 2145 exspirant
373 2082 468 2129 animas.
501 2081 558 2129 Pars
568 2082 674 2130 claudere
683 2093 761 2145 portas
766 2101 774 2143 ;

147 2144 200 2194 Nec
212 2147 278 2193 sociis
288 2149 374 2209 aperire
384 2149 452 2202 mam,
463 2162 505 2194 nec
515 2148 630 2194 moeuibus
639 2148 726 2195 sudent

147 2211 259 2272 Accipere
269 2219 375 2271 orantes3
392 2214 507 2274 oriturque
517 2213 642 2260 miserrima
652 2213 729 2261 caedea

148 2274 319 2324 Defendentllm
330 2279 399 2324 armis
409 2279 490 2333 aditus,
501 2278 569 2339 inque
579 2293 642 2325 anna
653 2280 767 2326 ruentum.

146 2340 252 2398 Exclusi,
263 2347 316 2387 ante
326 2342 405 2389 oculos
415 2342 625 2404 lacrymantquue
635 2358 677 2389 ora
687 2345 809 2404 panuliam,

147 2404 205 2453 Pars
215 2405 239 2449 in
249 2405 376 2465 praecipites
385 2405 465 2461 fossas,
477 2415 573 2469 urgente
583 2405 654 2460 ruini,

147 2467 273 2524 Volvitur;
289 2469 396 2515 immissis
407 2486 459 2531 pars
470 2487 531 2517 caeca
541 2479 565 2517 et
575 2473 664 2519 concita
673 2471 746 2520 frenis

147 2532 238 2578 Arietat
249 2533 272 2576 in
283 2539 360 2592 portas
370 2541 394 2578 et
405 2536 474 2582 duros
486 2536 558 2596 objice
568 2544 653 2596 postes.
768 2542 811 2586 890

176 2608 208 2639 soe
219 2595 247 2639 de
257 2596 328 2642 muris
338 2611 427 2643 summo
438 2601 561 2645 certamine
571 2609 654 2647 matres

146 2592 160 2639 1

145 2657 157 2719 (
189 2664 276 2714 oncant
285 2673 350 2706 uuor
359 2675 428 2708 verus
437 2663 542 2725 patriae),⁵
549 2672 574 2723 ut
585 2664 662 2713 videre
674 2663 801 2721 Camillum,
