1709 2925
131 112 183 165 roo'
318 115 486 181 ,nummos
502 115 554 165 ω
566 114 601 164 11.

130 245 204 294 Sudor
214 245 254 305 iit;
271 251 349 307 terque
358 247 408 308 ipsa
417 247 467 294 solo
478 247 590 311 (mirabile
599 244 673 307 dictu)

129 310 236 365 Emicuit,
246 325 391 372 parmamque
400 310 476 359 ferens
486 314 616 372 hastamque
626 319 774 365 trementem.

128 374 252 437 Extemplo
262 375 369 422 tentanda
378 374 435 437 fugi
445 376 505 422 canit
514 390 605 436 aequora
616 374 729 435 Calchan

127 439 180 488 Nec
190 455 257 502 posse
266 440 382 502 Argolicis
391 441 492 488 exscindi
503 439 617 502 Pergama
627 441 685 495 telis,

129 504 213 557 Omina
223 505 246 551 ni
257 500 360 567 repetant
369 503 448 567 Argis,
460 520 586 566 numenque
597 505 713 560 reducant,

129 568 199 624 Quod
208 569 289 632 pelago
300 577 324 616 ct
334 570 408 616 curris
419 584 496 616 secum
507 567 603 617 avexere
613 570 702 616 carinis.

128 632 163 683 Et
172 649 238 688 nunc,
250 635 310 695 quod
319 635 402 697 patrias
411 642 481 681 vento
492 631 575 696 petiere
585 633 706 694 Mycenas,
747 638 801 682 180

127 700 201 746 Anna
211 697 320 760 Deosque
333 706 412 761 parant
422 700 531 756 comitem
547 698 672 761 pelagoque
683 715 798 756 remenso,

129 761 249 826 Improvisi
259 764 359 811 adcmnt.
388 762 425 810 lta
436 764 517 826 digerit
527 765 602 810 omina
614 761 719 812 Calchas.

129 827 199 876 Hanc
210 844 250 890 pro
261 827 370 886 Palladio,
381 830 467 884 moniti,
479 845 519 892 pro
531 829 622 875 numine
633 828 689 876 laeso

128 892 236 956 Effigiem
247 891 359 953 statuere3
375 893 438 941 nefas
447 910 498 955 quae
509 894 573 940 triste
582 894 660 955 piaret.

129 957 198 1005 Hanc
208 966 284 1005 tamen
295 960 426 1005 immensam
439 956 536 1008 Calchas
546 958 649 1006 attollere
659 958 745 1006 molem
791 996 793 1001 .

128 1021 256 1080 Roboribus
266 1023 342 1087 textis,
352 1023 454 1087 coeloque
465 1025 565 1077 educere,
571 1023 648 1085 jussit,

128 1086 169 1143 Ne
179 1087 246 1148 recipi
257 1087 337 1149 portia,
347 1095 386 1134 aut
397 1088 449 1134 duci
459 1090 483 1135 in
494 1088 578 1135 moeuia
588 1089 668 1149 possit,

128 1151 183 1198 Neu
193 1151 300 1215 populum
311 1150 402 1213 antiqui
413 1154 454 1199 sub
464 1153 582 1215 relligione
592 1153 656 1200 tueri.

128 1215 190 1264 Nam
202 1217 221 1263 si
232 1224 307 1265 vestra
317 1231 397 1264 manus
407 1216 516 1264 violasset
526 1218 585 1264 dona
596 1217 718 1273 Minervae,
788 1252 793 1259 ,

120 1276 190 1328 'Tum
201 1296 309 1345 magnum
323 1283 416 1330 exitium
432 1283 502 1346 (quod
513 1281 548 1329 Dr
563 1283 624 1344 prius
638 1298 706 1330 omen
720 1283 744 1329 in
759 1282 794 1345 ip

224 1362 274 1394 sum
316 1354 321 1363 “
748 1352 797 1395 190

130 1407 271 1458 convertant
279 1408 298 1474 ἱ)
320 1410 403 1459 Priami
424 1412 519 1476 imperio
539 1411 713 1476 Phrygibusque
732 1411 794 1460 sutu-

203 1506 205 1510 -
224 1492 288 1524 rum:

87 1563 91 1570 ·
130 1540 171 1589 sin
181 1542 283 1589 manibus
293 1543 374 1591 vestris
384 1550 482 1591 vestram
493 1544 646 1591 adscendisset
656 1544 680 1590 in
691 1544 778 1600 urbem,

130 1604 199 1653 Ultro
211 1606 289 1653 Asiam
300 1622 383 1670 magno
395 1607 494 1673 Pelopea
503 1610 532 1656 ad
542 1610 627 1656 moenia
636 1608 697 1655 bello

128 1668 264 1730 Venturam,
276 1679 299 1718 et
309 1682 398 1720 nostros
409 1689 437 1721 ea
446 1674 492 1722 fata
501 1689 592 1721 manere
603 1681 705 1736 nepotes.

161 1734 254 1784 Talibus
264 1736 350 1785 insidiis
361 1740 487 1802 perjurique
498 1739 545 1786 arte
557 1738 649 1786 Sinonis

130 1798 223 1850 Credita
232 1817 281 1860 res3
298 1804 400 1865 captique
411 1804 469 1851 dolis
479 1804 628 1865 lacrymisve
637 1803 729 1861 coactis,

129 1865 196 1920 Quos
207 1882 279 1928 neque
290 1866 397 1930 Tydides,
408 1884 451 1916 nec
462 1868 588 1916 Larissaeus
598 1867 708 1925 Achillea,

127 1928 185 1977 Non
196 1933 248 1979 anni
258 1930 365 1980 domuere
376 1934 460 1987 decem,
471 1948 517 1979 uon
527 1933 589 1979 mille
599 1933 688 1984 carinae.

162 1994 209 2042 Hic
220 1997 279 2043 aliud
289 1999 360 2060 maJus
371 1998 459 2045 miseris
469 1998 584 2059 multoque
594 1998 738 2044 tremendum
791 2025 795 2032 ,

128 2058 239 2122 Objicitur
249 2063 329 2125 magis,
340 2070 407 2125 atquc
416 2062 541 2125 improvida
550 2067 641 2124 pectora
651 2063 734 2110 turbat.

128 2122 243 2180 Laocoon,
255 2126 335 2173 ductus
345 2127 455 2190 Neptuno
466 2134 527 2174 sorte
537 2127 646 2182 sacerdos,
746 2131 795 2176 20l

128 2188 247 2235 Sollennes
258 2197 345 2238 taurum
356 2193 473 2254 ingentem
485 2192 595 2239 mactabat
605 2192 633 2238 ad
644 2206 701 2239 aras.

126 2250 190 2301 Ecce
200 2260 274 2301 autem
285 2257 369 2316 gemini
380 2271 393 2303 a
403 2254 498 2307 Tenedo
508 2256 629 2317 tranquilla
638 2271 678 2318 per
688 2257 737 2304 alta

127 2315 256 2432 ffomesco
266 2318 375 2382 referens)
387 2322 503 2369 immensis
513 2322 602 2368 orbibus
612 2336 699 2384 angues

158 2384 265 2430 cumbunt
274 2384 361 2447 pelago,
369 2387 497 2447 pariterque
507 2386 536 2433 ad
545 2386 612 2433 litora
622 2386 734 2444 tendunt;

127 2444 224 2502 Pectora
234 2462 328 2510 quorum
340 2450 398 2497 inter
408 2450 491 2499 fluctus
501 2457 594 2507 amenta,
603 2451 711 2513 jubaeque
796 2455 799 2459 '

128 2507 264 2574 Sanguincae
274 2523 410 2576 exsuperant
420 2517 507 2574 undas;
524 2531 576 2578 pars
586 2523 669 2562 caetera
679 2523 775 2577 pontum

128 2574 193 2624 Pone
203 2577 266 2640 legit,
277 2580 412 2640 sinuantque
421 2581 532 2628 immensa
541 2580 657 2627 volumine
666 2586 739 2642 terga.
801 2609 804 2616 .

127 2637 166 2688 lit
176 2643 268 2708 equitus,
280 2653 399 2708 spumante
409 2645 470 2694 salo:
485 2647 578 2710 jamque
589 2659 643 2694 arva
653 2646 762 2693 tenebant
768 2662 779 2703 ς
