<?xml version="1.0" encoding="UTF-8"?>
<!DOCTYPE html PUBLIC "-//W3C//DTD XHTML 1.0 Transitional//EN"
    "http://www.w3.org/TR/xhtml1/DTD/xhtml1-transitional.dtd">
<html xmlns="http://www.w3.org/1999/xhtml" xml:lang="en" lang="en">
 <head>
  <title>
</title>
<meta http-equiv="Content-Type" content="text/html;charset=utf-8" />
  <meta name='ocr-system' content='tesseract 3.04.00' />
  <meta name='ocr-capabilities' content='ocr_page ocr_carea ocr_par ocr_line ocrx_word'/>
</head>
<body>
  <div class='ocr_page' id='page_1' title='image "./pvirgiliimaroni00heyngoog/pvirgiliimaroni00heyngoog_0091.png"; bbox 0 0 1709 2925; ppageno 0'>
   <div class='ocr_carea' id='block_1_1' title="bbox 226 117 721 200">
    <p class='ocr_par' dir='ltr' id='par_1_1' title="bbox 226 117 721 200">
     <span class='ocr_line' id='line_1_1' title="bbox 226 117 721 200; baseline -0.006 -31"><span class='ocrx_word' id='word_1_1' title='bbox 226 117 416 169; x_wconf 78' lang='lat' dir='ltr'><strong>GEORGICA.</strong></span> <span class='ocrx_word' id='word_1_2' title='bbox 434 118 487 200; x_wconf 72' lang='lat' dir='ltr'>Las.</span> <span class='ocrx_word' id='word_1_3' title='bbox 499 118 545 168; x_wconf 83' lang='lat' dir='ltr'>IV.</span> <span class='ocrx_word' id='word_1_4' title='bbox 692 123 721 167; x_wconf 85' lang='lat' dir='ltr'>at</span> 
     </span>
    </p>
   </div>
   <div class='ocr_carea' id='block_1_2' title="bbox 62 245 776 2723">
    <p class='ocr_par' dir='ltr' id='par_1_2' title="bbox 66 245 776 378">
     <span class='ocr_line' id='line_1_2' title="bbox 66 245 776 313; baseline 0.001 -18"><span class='ocrx_word' id='word_1_5' title='bbox 66 245 255 312; x_wconf 71' lang='lat' dir='ltr'>contemnuntque</span> <span class='ocrx_word' id='word_1_6' title='bbox 265 250 336 306; x_wconf 87' lang='lat' dir='ltr'>favos,</span> <span class='ocrx_word' id='word_1_7' title='bbox 349 257 373 297; x_wconf 91' lang='lat' dir='ltr'>et</span> <span class='ocrx_word' id='word_1_8' title='bbox 381 250 465 313; x_wconf 85' lang='lat' dir='ltr'>frigida</span> <span class='ocrx_word' id='word_1_9' title='bbox 475 259 535 298; x_wconf 78' lang='lat' dir='ltr'>tecta</span> <span class='ocrx_word' id='word_1_10' title='bbox 545 249 682 311; x_wconf 85' lang='lat' dir='ltr'>relinquunt,</span> <span class='ocrx_word' id='word_1_11' title='bbox 771 265 776 272; x_wconf 67' lang='lat'><strong><em>⁴</em></strong></span> 
     </span>
     <span class='ocr_line' id='line_1_3' title="bbox 66 310 554 378; baseline 0.012 -21"><span class='ocrx_word' id='word_1_12' title='bbox 66 310 175 363; x_wconf 79' lang='lat' dir='ltr'><strong>Instabiles</strong></span> <span class='ocrx_word' id='word_1_13' title='bbox 186 318 274 363; x_wconf 87' lang='lat' dir='ltr'>animos</span> <span class='ocrx_word' id='word_1_14' title='bbox 285 317 339 363; x_wconf 94' lang='lat' dir='ltr'>ludo</span> <span class='ocrx_word' id='word_1_15' title='bbox 350 317 476 378; x_wconf 76' lang='lat' dir='ltr'>prohibebis</span> <span class='ocrx_word' id='word_1_16' title='bbox 486 317 554 363; x_wconf 86' lang='lat' dir='ltr'>inani.</span> 
     </span>
    </p>

    <p class='ocr_par' dir='ltr' id='par_1_3' title="bbox 64 376 650 507">
     <span class='ocr_line' id='line_1_4' title="bbox 65 376 650 444; baseline 0.009 -20"><span class='ocrx_word' id='word_1_17' title='bbox 65 376 110 425; x_wconf 86' lang='lat' dir='ltr'>Nec</span> <span class='ocrx_word' id='word_1_18' title='bbox 120 396 216 442; x_wconf 81' lang='lat' dir='ltr'>magnus</span> <span class='ocrx_word' id='word_1_19' title='bbox 227 382 345 442; x_wconf 84' lang='lat' dir='ltr'>prohibere</span> <span class='ocrx_word' id='word_1_20' title='bbox 357 381 424 429; x_wconf 85' lang='lat' dir='ltr'>labor.</span> <span class='ocrx_word' id='word_1_21' title='bbox 452 381 489 429; x_wconf 91' lang='lat' dir='ltr'>Tu</span> <span class='ocrx_word' id='word_1_22' title='bbox 501 382 592 444; x_wconf 84' lang='lat' dir='ltr'>regibus</span> <span class='ocrx_word' id='word_1_23' title='bbox 603 381 650 429; x_wconf 80' lang='lat' dir='ltr'>alu</span> 
     </span>
     <span class='ocr_line' id='line_1_5' title="bbox 64 442 648 507; baseline 0.007 -17"><span class='ocrx_word' id='word_1_24' title='bbox 64 442 133 506; x_wconf 80' lang='lat' dir='ltr'>Eripe</span> <span class='ocrx_word' id='word_1_25' title='bbox 158 446 215 493; x_wconf 90' lang='lat' dir='ltr'>Non</span> <span class='ocrx_word' id='word_1_26' title='bbox 225 447 270 494; x_wconf 88' lang='lat' dir='ltr'>illis</span> <span class='ocrx_word' id='word_1_27' title='bbox 281 448 399 507; x_wconf 82' lang='lat' dir='ltr'>quisquam</span> <span class='ocrx_word' id='word_1_28' title='bbox 411 448 567 494; x_wconf 60' lang='lat' dir='ltr'>suadentibus</span> <span class='ocrx_word' id='word_1_29' title='bbox 577 446 648 494; x_wconf 79' lang='lat' dir='ltr'>altum</span> 
     </span>
    </p>

    <p class='ocr_par' dir='ltr' id='par_1_4' title="bbox 65 506 571 574">
     <span class='ocr_line' id='line_1_6' title="bbox 65 506 571 574; baseline 0.008 -20"><span class='ocrx_word' id='word_1_30' title='bbox 65 506 97 559; x_wconf 87' lang='lat' dir='ltr'>Ire</span> <span class='ocrx_word' id='word_1_31' title='bbox 107 511 153 566; x_wconf 84' lang='lat' dir='ltr'>iter,</span> <span class='ocrx_word' id='word_1_32' title='bbox 165 521 204 558; x_wconf 89' lang='lat' dir='ltr'>aut</span> <span class='ocrx_word' id='word_1_33' title='bbox 214 513 294 558; x_wconf 86' lang='lat' dir='ltr'>castris</span> <span class='ocrx_word' id='word_1_34' title='bbox 305 512 394 559; x_wconf 79' lang='lat' dir='ltr'><strong>audebit</strong></span> <span class='ocrx_word' id='word_1_35' title='bbox 404 512 489 559; x_wconf 82' lang='lat' dir='ltr'>vellere</span> <span class='ocrx_word' id='word_1_36' title='bbox 499 514 571 574; x_wconf 81' lang='lat' dir='ltr'>signa.</span> 
     </span>
    </p>

    <p class='ocr_par' dir='ltr' id='par_1_5' title="bbox 64 572 544 632">
     <span class='ocr_line' id='line_1_7' title="bbox 64 572 544 632; baseline 0.008 -12"><span class='ocrx_word' id='word_1_37' title='bbox 64 572 156 623; x_wconf 82' lang='lat' dir='ltr'>Invitent</span> <span class='ocrx_word' id='word_1_38' title='bbox 166 578 252 623; x_wconf 85' lang='lat' dir='ltr'>croceis</span> <span class='ocrx_word' id='word_1_39' title='bbox 263 578 364 624; x_wconf 87' lang='lat' dir='ltr'>halantes</span> <span class='ocrx_word' id='word_1_40' title='bbox 375 576 467 624; x_wconf 85' lang='lat' dir='ltr'>floribus</span> <span class='ocrx_word' id='word_1_41' title='bbox 478 578 544 632; x_wconf 88' lang='lat' dir='ltr'>horti,</span> 
     </span>
    </p>

    <p class='ocr_par' dir='ltr' id='par_1_6' title="bbox 62 638 719 894">
     <span class='ocr_line' id='line_1_8' title="bbox 63 638 654 707; baseline 0.008 -23"><span class='ocrx_word' id='word_1_42' title='bbox 63 638 92 689; x_wconf 84' lang='lat' dir='ltr'>lit</span> <span class='ocrx_word' id='word_1_43' title='bbox 101 650 175 690; x_wconf 89' lang='lat' dir='ltr'>custos</span> <span class='ocrx_word' id='word_1_44' title='bbox 185 641 261 692; x_wconf 85' lang='lat' dir='ltr'>furum</span> <span class='ocrx_word' id='word_1_45' title='bbox 272 651 340 704; x_wconf 86' lang='lat' dir='ltr'>atque</span> <span class='ocrx_word' id='word_1_46' title='bbox 349 644 424 689; x_wconf 89' lang='lat' dir='ltr'>avium</span> <span class='ocrx_word' id='word_1_47' title='bbox 437 658 488 689; x_wconf 88' lang='lat' dir='ltr'>curn</span> <span class='ocrx_word' id='word_1_48' title='bbox 500 642 557 689; x_wconf 83' lang='lat' dir='ltr'>falce</span> <span class='ocrx_word' id='word_1_49' title='bbox 568 641 654 707; x_wconf 77' lang='lat' dir='ltr'>saligni</span> 
     </span>
     <span class='ocr_line' id='line_1_9' title="bbox 63 702 719 769; baseline 0.003 -19"><span class='ocrx_word' id='word_1_50' title='bbox 63 702 234 768; x_wconf 83' lang='lat' dir='ltr'>Hellespontiaci</span> <span class='ocrx_word' id='word_1_51' title='bbox 245 716 321 754; x_wconf 86' lang='lat' dir='ltr'>servet</span> <span class='ocrx_word' id='word_1_52' title='bbox 331 708 401 755; x_wconf 86' lang='lat' dir='ltr'>tutela</span> <span class='ocrx_word' id='word_1_53' title='bbox 413 706 498 769; x_wconf 79' lang='lat' dir='ltr'><strong>Priapi.</strong></span> <span class='ocrx_word' id='word_1_54' title='bbox 676 708 719 752; x_wconf 90' lang='lat' dir='ltr'>lll</span> 
     </span>
     <span class='ocr_line' id='line_1_10' title="bbox 63 767 656 834; baseline 0.005 -19"><span class='ocrx_word' id='word_1_55' title='bbox 63 767 110 831; x_wconf 86' lang='lat' dir='ltr'>lpse</span> <span class='ocrx_word' id='word_1_56' title='bbox 119 772 223 832; x_wconf 84' lang='lat' dir='ltr'>thymum</span> <span class='ocrx_word' id='word_1_57' title='bbox 234 774 344 834; x_wconf 75' lang='lat' dir='ltr'>pinosque</span> <span class='ocrx_word' id='word_1_58' title='bbox 354 772 430 819; x_wconf 88' lang='lat' dir='ltr'>ferens</span> <span class='ocrx_word' id='word_1_59' title='bbox 440 773 469 819; x_wconf 88' lang='lat' dir='ltr'>de</span> <span class='ocrx_word' id='word_1_60' title='bbox 480 773 594 819; x_wconf 88' lang='lat' dir='ltr'>montibus</span> <span class='ocrx_word' id='word_1_61' title='bbox 605 771 656 819; x_wconf 85' lang='lat' dir='ltr'>altis</span> 
     </span>
     <span class='ocr_line' id='line_1_11' title="bbox 62 832 558 894; baseline 0.008 -14"><span class='ocrx_word' id='word_1_62' title='bbox 62 832 128 883; x_wconf 85' lang='lat' dir='ltr'>Tecta</span> <span class='ocrx_word' id='word_1_63' title='bbox 138 845 197 884; x_wconf 88' lang='lat' dir='ltr'>serat</span> <span class='ocrx_word' id='word_1_64' title='bbox 209 838 255 885; x_wconf 89' lang='lat' dir='ltr'>late</span> <span class='ocrx_word' id='word_1_65' title='bbox 266 838 358 894; x_wconf 88' lang='lat' dir='ltr'>circum,</span> <span class='ocrx_word' id='word_1_66' title='bbox 370 839 406 885; x_wconf 91' lang='lat' dir='ltr'>cui</span> <span class='ocrx_word' id='word_1_67' title='bbox 417 838 471 885; x_wconf 84' lang='lat' dir='ltr'>talia</span> <span class='ocrx_word' id='word_1_68' title='bbox 482 853 558 894; x_wconf 82' lang='lat' dir='ltr'>crrrae;</span> 
     </span>
    </p>

    <p class='ocr_par' dir='ltr' id='par_1_7' title="bbox 63 895 631 1031">
     <span class='ocr_line' id='line_1_12' title="bbox 63 895 611 964; baseline 0.002 -16"><span class='ocrx_word' id='word_1_69' title='bbox 63 895 109 961; x_wconf 84' lang='lat' dir='ltr'>lpse</span> <span class='ocrx_word' id='word_1_70' title='bbox 118 902 193 949; x_wconf 86' lang='lat' dir='ltr'>labore</span> <span class='ocrx_word' id='word_1_71' title='bbox 203 917 296 949; x_wconf 87' lang='lat' dir='ltr'>manum</span> <span class='ocrx_word' id='word_1_72' title='bbox 308 903 365 950; x_wconf 90' lang='lat' dir='ltr'>duro</span> <span class='ocrx_word' id='word_1_73' title='bbox 375 910 449 960; x_wconf 87' lang='lat' dir='ltr'>terat;</span> <span class='ocrx_word' id='word_1_74' title='bbox 466 905 515 964; x_wconf 92' lang='lat' dir='ltr'>ipse</span> <span class='ocrx_word' id='word_1_75' title='bbox 524 902 611 949; x_wconf 82' lang='lat' dir='ltr'>feraces</span> 
     </span>
     <span class='ocr_line' id='line_1_13' title="bbox 63 962 631 1031; baseline 0.005 -20"><span class='ocrx_word' id='word_1_76' title='bbox 63 962 203 1028; x_wconf 67' lang='lat' dir='ltr'>ingorranno</span> <span class='ocrx_word' id='word_1_77' title='bbox 215 968 309 1029; x_wconf 88' lang='lat' dir='ltr'>plantas,</span> <span class='ocrx_word' id='word_1_78' title='bbox 321 978 345 1014; x_wconf 85' lang='lat' dir='ltr'>et</span> <span class='ocrx_word' id='word_1_79' title='bbox 355 969 440 1015; x_wconf 84' lang='lat' dir='ltr'>amisos</span> <span class='ocrx_word' id='word_1_80' title='bbox 451 969 531 1031; x_wconf 86' lang='lat' dir='ltr'>irriget</span> <span class='ocrx_word' id='word_1_81' title='bbox 541 968 631 1014; x_wconf 78' lang='lat' dir='ltr'>imbres·</span> 
     </span>
    </p>

    <p class='ocr_par' dir='ltr' id='par_1_8' title="bbox 63 1031 725 1681">
     <span class='ocr_line' id='line_1_14' title="bbox 89 1031 713 1096; baseline -0.006 -13"><span class='ocrx_word' id='word_1_82' title='bbox 89 1032 164 1093; x_wconf 78' lang='lat' dir='ltr'>Atque</span> <span class='ocrx_word' id='word_1_83' title='bbox 174 1033 279 1092; x_wconf 87' lang='lat' dir='ltr'>equidem</span> <span class='ocrx_word' id='word_1_84' title='bbox 289 1034 403 1096; x_wconf 83' lang='lat' dir='ltr'>(extremo</span> <span class='ocrx_word' id='word_1_85' title='bbox 414 1034 438 1079; x_wconf 90' lang='lat' dir='ltr'>ni</span> <span class='ocrx_word' id='word_1_86' title='bbox 445 1036 494 1096; x_wconf 89' lang='lat' dir='ltr'>jam</span> <span class='ocrx_word' id='word_1_87' title='bbox 503 1034 544 1079; x_wconf 87' lang='lat' dir='ltr'>sub</span> <span class='ocrx_word' id='word_1_88' title='bbox 555 1031 600 1079; x_wconf 87' lang='lat' dir='ltr'>fine</span> <span class='ocrx_word' id='word_1_89' title='bbox 610 1033 713 1079; x_wconf 84' lang='lat' dir='ltr'>laborum</span> 
     </span>
     <span class='ocr_line' id='line_1_15' title="bbox 63 1091 685 1160; baseline 0.005 -19"><span class='ocrx_word' id='word_1_90' title='bbox 63 1091 115 1143; x_wconf 85' lang='lat' dir='ltr'>Vela</span> <span class='ocrx_word' id='word_1_91' title='bbox 126 1098 218 1152; x_wconf 88' lang='lat' dir='ltr'>traham,</span> <span class='ocrx_word' id='word_1_92' title='bbox 231 1106 254 1144; x_wconf 93' lang='lat' dir='ltr'>et</span> <span class='ocrx_word' id='word_1_93' title='bbox 265 1099 330 1144; x_wconf 84' lang='lat' dir='ltr'>terris</span> <span class='ocrx_word' id='word_1_94' title='bbox 339 1097 446 1145; x_wconf 73' lang='lat' dir='ltr'>festinem</span> <span class='ocrx_word' id='word_1_95' title='bbox 457 1099 574 1145; x_wconf 78' lang='lat' dir='ltr'>advertere</span> <span class='ocrx_word' id='word_1_96' title='bbox 584 1096 685 1160; x_wconf 84' lang='lat' dir='ltr'>proram)</span> 
     </span>
     <span class='ocr_line' id='line_1_16' title="bbox 64 1158 626 1225; baseline 0.005 -19"><span class='ocrx_word' id='word_1_97' title='bbox 64 1158 160 1209; x_wconf 79' lang='lat' dir='ltr'>Forsitan</span> <span class='ocrx_word' id='word_1_98' title='bbox 172 1171 202 1217; x_wconf 84' lang='lat' dir='ltr'>et,</span> <span class='ocrx_word' id='word_1_99' title='bbox 214 1162 311 1225; x_wconf 79' lang='lat' dir='ltr'>pingues</span> <span class='ocrx_word' id='word_1_100' title='bbox 322 1165 400 1210; x_wconf 87' lang='lat' dir='ltr'>hortos</span> <span class='ocrx_word' id='word_1_101' title='bbox 411 1178 463 1224; x_wconf 78' lang='lat' dir='ltr'>quae</span> <span class='ocrx_word' id='word_1_102' title='bbox 474 1178 528 1210; x_wconf 87' lang='lat' dir='ltr'>cura</span> <span class='ocrx_word' id='word_1_103' title='bbox 538 1163 626 1210; x_wconf 86' lang='lat' dir='ltr'>colersdi</span> 
     </span>
     <span class='ocr_line' id='line_1_17' title="bbox 64 1224 643 1288; baseline 0.002 -16"><span class='ocrx_word' id='word_1_104' title='bbox 64 1224 160 1284; x_wconf 87' lang='lat' dir='ltr'>Ornaret,</span> <span class='ocrx_word' id='word_1_105' title='bbox 172 1243 285 1281; x_wconf 88' lang='lat' dir='ltr'>canerem,</span> <span class='ocrx_word' id='word_1_106' title='bbox 296 1227 405 1288; x_wconf 83' lang='lat' dir='ltr'>biferique</span> <span class='ocrx_word' id='word_1_107' title='bbox 417 1229 502 1275; x_wconf 86' lang='lat' dir='ltr'>rosaria</span> <span class='ocrx_word' id='word_1_108' title='bbox 514 1226 600 1287; x_wconf 83' lang='lat' dir='ltr'>Paesti;</span> <span class='ocrx_word' id='word_1_109' title='bbox 640 1227 643 1231; x_wconf 74' lang='grc'><em>’</em></span> 
     </span>
     <span class='ocr_line' id='line_1_18' title="bbox 64 1290 725 1355; baseline -0.002 -16"><span class='ocrx_word' id='word_1_110' title='bbox 64 1290 153 1353; x_wconf 82' lang='lat' dir='ltr'>Quoque</span> <span class='ocrx_word' id='word_1_111' title='bbox 164 1294 232 1340; x_wconf 89' lang='lat' dir='ltr'>modo</span> <span class='ocrx_word' id='word_1_112' title='bbox 243 1294 303 1354; x_wconf 87' lang='lat' dir='ltr'>potis</span> <span class='ocrx_word' id='word_1_113' title='bbox 312 1293 439 1355; x_wconf 81' lang='lat' dir='ltr'>gauderent</span> <span class='ocrx_word' id='word_1_114' title='bbox 450 1293 528 1339; x_wconf 89' lang='lat' dir='ltr'>intuba</span> <span class='ocrx_word' id='word_1_115' title='bbox 538 1293 598 1347; x_wconf 77' lang='lat' dir='ltr'>rivis,</span> <span class='ocrx_word' id='word_1_116' title='bbox 676 1295 725 1339; x_wconf 77' lang='lat'>120</span> 
     </span>
     <span class='ocr_line' id='line_1_19' title="bbox 63 1354 609 1421; baseline 0.004 -19"><span class='ocrx_word' id='word_1_117' title='bbox 63 1354 92 1402; x_wconf 83' lang='lat' dir='ltr'>Et</span> <span class='ocrx_word' id='word_1_118' title='bbox 101 1359 180 1406; x_wconf 85' lang='lat' dir='ltr'>virides</span> <span class='ocrx_word' id='word_1_119' title='bbox 190 1358 242 1420; x_wconf 91' lang='lat' dir='ltr'>apio</span> <span class='ocrx_word' id='word_1_120' title='bbox 253 1357 308 1420; x_wconf 83' lang='lat' dir='ltr'>ripae</span> <span class='ocrx_word' id='word_1_121' title='bbox 314 1376 322 1415; x_wconf 90' lang='lat'>;</span> <span class='ocrx_word' id='word_1_122' title='bbox 340 1365 457 1420; x_wconf 91' lang='lat' dir='ltr'>tortusque</span> <span class='ocrx_word' id='word_1_123' title='bbox 467 1374 508 1421; x_wconf 87' lang='lat' dir='ltr'>per</span> <span class='ocrx_word' id='word_1_124' title='bbox 518 1358 609 1404; x_wconf 84' lang='lat' dir='ltr'>herbam</span> 
     </span>
     <span class='ocr_line' id='line_1_20' title="bbox 65 1418 709 1483; baseline -0.003 -10"><span class='ocrx_word' id='word_1_125' title='bbox 65 1418 175 1473; x_wconf 70' lang='lat' dir='ltr'>cresceret</span> <span class='ocrx_word' id='word_1_126' title='bbox 185 1424 208 1471; x_wconf 90' lang='lat' dir='ltr'>in</span> <span class='ocrx_word' id='word_1_127' title='bbox 220 1431 323 1471; x_wconf 78' lang='lat' dir='ltr'>ventrem</span> <span class='ocrx_word' id='word_1_128' title='bbox 334 1425 436 1472; x_wconf 81' lang='lat' dir='ltr'>cucumis</span> <span class='ocrx_word' id='word_1_129' title='bbox 443 1442 454 1483; x_wconf 66' lang='lat'>3,</span> <span class='ocrx_word' id='word_1_130' title='bbox 466 1439 509 1471; x_wconf 90' lang='lat' dir='ltr'>nec</span> <span class='ocrx_word' id='word_1_131' title='bbox 520 1438 570 1471; x_wconf 88' lang='lat' dir='ltr'>sera</span> <span class='ocrx_word' id='word_1_132' title='bbox 580 1428 709 1472; x_wconf 82' lang='lat' dir='ltr'>comentem</span> 
     </span>
     <span class='ocr_line' id='line_1_21' title="bbox 63 1484 630 1545; baseline 0.004 -12"><span class='ocrx_word' id='word_1_133' title='bbox 63 1484 193 1545; x_wconf 77' lang='lat' dir='ltr'>Narcissum,</span> <span class='ocrx_word' id='word_1_134' title='bbox 205 1497 245 1537; x_wconf 91' lang='lat' dir='ltr'>aot</span> <span class='ocrx_word' id='word_1_135' title='bbox 254 1488 308 1536; x_wconf 86' lang='lat' dir='ltr'>flexi</span> <span class='ocrx_word' id='word_1_136' title='bbox 319 1490 439 1538; x_wconf 86' lang='lat' dir='ltr'>tacuissem</span> <span class='ocrx_word' id='word_1_137' title='bbox 447 1491 523 1536; x_wconf 87' lang='lat' dir='ltr'>vimen</span> <span class='ocrx_word' id='word_1_138' title='bbox 534 1490 630 1545; x_wconf 75' lang='lat' dir='ltr'>acanthi,</span> 
     </span>
     <span class='ocr_line' id='line_1_22' title="bbox 64 1549 657 1617; baseline 0.007 -20"><span class='ocrx_word' id='word_1_139' title='bbox 64 1549 213 1616; x_wconf 79' lang='lat' dir='ltr'>Pallentesque</span> <span class='ocrx_word' id='word_1_140' title='bbox 225 1555 327 1609; x_wconf 87' lang='lat' dir='ltr'>hederas,</span> <span class='ocrx_word' id='word_1_141' title='bbox 338 1562 362 1602; x_wconf 90' lang='lat' dir='ltr'>et</span> <span class='ocrx_word' id='word_1_142' title='bbox 372 1562 474 1603; x_wconf 89' lang='lat' dir='ltr'>amantes</span> <span class='ocrx_word' id='word_1_143' title='bbox 485 1556 551 1603; x_wconf 87' lang='lat' dir='ltr'>litora</span> <span class='ocrx_word' id='word_1_144' title='bbox 561 1563 657 1617; x_wconf 81' lang='lat' dir='ltr'>myrtos.</span> 
     </span>
     <span class='ocr_line' id='line_1_23' title="bbox 63 1614 657 1681; baseline 0 -15"><span class='ocrx_word' id='word_1_145' title='bbox 63 1614 158 1681; x_wconf 78' lang='lat' dir='ltr'>Namque</span> <span class='ocrx_word' id='word_1_146' title='bbox 170 1621 211 1667; x_wconf 90' lang='lat' dir='ltr'>sub</span> <span class='ocrx_word' id='word_1_147' title='bbox 223 1619 321 1668; x_wconf 85' lang='lat' dir='ltr'>OEbaliae</span> <span class='ocrx_word' id='word_1_148' title='bbox 332 1621 425 1668; x_wconf 87' lang='lat' dir='ltr'>memini</span> <span class='ocrx_word' id='word_1_149' title='bbox 436 1637 474 1667; x_wconf 90' lang='lat' dir='ltr'>me</span> <span class='ocrx_word' id='word_1_150' title='bbox 484 1621 581 1667; x_wconf 88' lang='lat' dir='ltr'>turribus</span> <span class='ocrx_word' id='word_1_151' title='bbox 592 1621 657 1676; x_wconf 84' lang='lat' dir='ltr'>arcis,</span> 
     </span>
    </p>

    <p class='ocr_par' dir='ltr' id='par_1_9' title="bbox 64 1681 622 1812">
     <span class='ocr_line' id='line_1_24' title="bbox 64 1681 622 1748; baseline 0 -17"><span class='ocrx_word' id='word_1_152' title='bbox 64 1681 111 1737; x_wconf 79' lang='lat' dir='ltr'>Qut</span> <span class='ocrx_word' id='word_1_153' title='bbox 120 1686 183 1748; x_wconf 87' lang='lat' dir='ltr'>niger</span> <span class='ocrx_word' id='word_1_154' title='bbox 193 1687 309 1732; x_wconf 77' lang='lat' dir='ltr'>humectat</span> <span class='ocrx_word' id='word_1_155' title='bbox 319 1685 426 1733; x_wconf 85' lang='lat' dir='ltr'>flaventia</span> <span class='ocrx_word' id='word_1_156' title='bbox 436 1686 497 1733; x_wconf 84' lang='lat' dir='ltr'>culta</span> <span class='ocrx_word' id='word_1_157' title='bbox 508 1685 622 1740; x_wconf 78' lang='lat' dir='ltr'>Galaesus,</span> 
     </span>
     <span class='ocr_line' id='line_1_25' title="bbox 66 1745 582 1812; baseline -0.002 -15"><span class='ocrx_word' id='word_1_158' title='bbox 66 1745 177 1809; x_wconf 81' lang='lat' dir='ltr'>Corycium</span> <span class='ocrx_word' id='word_1_159' title='bbox 188 1751 273 1797; x_wconf 86' lang='lat' dir='ltr'>vidisse</span> <span class='ocrx_word' id='word_1_160' title='bbox 283 1766 368 1807; x_wconf 71' lang='lat' dir='ltr'>mrtem,</span> <span class='ocrx_word' id='word_1_161' title='bbox 380 1752 415 1798; x_wconf 90' lang='lat' dir='ltr'>cui</span> <span class='ocrx_word' id='word_1_162' title='bbox 427 1767 499 1812; x_wconf 86' lang='lat' dir='ltr'>pauca</span> <span class='ocrx_word' id='word_1_163' title='bbox 510 1751 582 1797; x_wconf 87' lang='lat' dir='ltr'>relicti</span> 
     </span>
    </p>

    <p class='ocr_par' dir='ltr' id='par_1_10' title="bbox 65 1809 618 1878">
     <span class='ocr_line' id='line_1_26' title="bbox 65 1809 618 1878; baseline 0 -19"><span class='ocrx_word' id='word_1_164' title='bbox 65 1809 140 1876; x_wconf 83' lang='lat' dir='ltr'>Jugcra</span> <span class='ocrx_word' id='word_1_165' title='bbox 150 1815 207 1863; x_wconf 88' lang='lat' dir='ltr'>ruris</span> <span class='ocrx_word' id='word_1_166' title='bbox 217 1822 296 1862; x_wconf 85' lang='lat' dir='ltr'>erant:</span> <span class='ocrx_word' id='word_1_167' title='bbox 315 1831 358 1863; x_wconf 88' lang='lat' dir='ltr'>nec</span> <span class='ocrx_word' id='word_1_168' title='bbox 368 1816 449 1864; x_wconf 90' lang='lat' dir='ltr'>fertilis</span> <span class='ocrx_word' id='word_1_169' title='bbox 459 1816 498 1863; x_wconf 88' lang='lat' dir='ltr'>illa</span> <span class='ocrx_word' id='word_1_170' title='bbox 504 1815 618 1878; x_wconf 76' lang='lat' dir='ltr'>Jureucis,</span> 
     </span>
    </p>

    <p class='ocr_par' dir='ltr' id='par_1_11' title="bbox 65 1872 724 2400">
     <span class='ocr_line' id='line_1_27' title="bbox 65 1872 707 1945; baseline 0.005 -22"><span class='ocrx_word' id='word_1_171' title='bbox 65 1875 108 1925; x_wconf 86' lang='lat' dir='ltr'>Nec</span> <span class='ocrx_word' id='word_1_172' title='bbox 117 1882 189 1941; x_wconf 85' lang='lat' dir='ltr'>pecori</span> <span class='ocrx_word' id='word_1_173' title='bbox 200 1872 327 1942; x_wconf 78' lang='lat' dir='ltr'>opportuna</span> <span class='ocrx_word' id='word_1_174' title='bbox 338 1897 411 1945; x_wconf 84' lang='lat' dir='ltr'>seges,</span> <span class='ocrx_word' id='word_1_175' title='bbox 424 1896 467 1926; x_wconf 87' lang='lat' dir='ltr'>nec</span> <span class='ocrx_word' id='word_1_176' title='bbox 477 1878 597 1926; x_wconf 84' lang='lat' dir='ltr'>commoda</span> <span class='ocrx_word' id='word_1_177' title='bbox 607 1877 707 1926; x_wconf 80' lang='lat' dir='ltr'>Baccho.</span> 
     </span>
     <span class='ocr_line' id='line_1_28' title="bbox 66 1940 724 2006; baseline 0.005 -17"><span class='ocrx_word' id='word_1_178' title='bbox 66 1940 106 1990; x_wconf 87' lang='lat' dir='ltr'>Hic</span> <span class='ocrx_word' id='word_1_179' title='bbox 115 1961 186 1993; x_wconf 88' lang='lat' dir='ltr'>rarum</span> <span class='ocrx_word' id='word_1_180' title='bbox 198 1954 274 1993; x_wconf 88' lang='lat' dir='ltr'>tamen</span> <span class='ocrx_word' id='word_1_181' title='bbox 283 1946 306 1993; x_wconf 90' lang='lat' dir='ltr'>in</span> <span class='ocrx_word' id='word_1_182' title='bbox 318 1947 392 1993; x_wconf 87' lang='lat' dir='ltr'>dumis</span> <span class='ocrx_word' id='word_1_183' title='bbox 402 1946 460 1999; x_wconf 89' lang='lat' dir='ltr'>olus,</span> <span class='ocrx_word' id='word_1_184' title='bbox 469 1945 562 2006; x_wconf 85' lang='lat' dir='ltr'>albaque</span> <span class='ocrx_word' id='word_1_185' title='bbox 572 1944 657 1991; x_wconf 87' lang='lat' dir='ltr'>circum</span> <span class='ocrx_word' id='word_1_186' title='bbox 675 1947 724 1992; x_wconf 76' lang='lat'>180</span> 
     </span>
     <span class='ocr_line' id='line_1_29' title="bbox 66 2005 662 2074; baseline 0.002 -19"><span class='ocrx_word' id='word_1_187' title='bbox 66 2005 122 2065; x_wconf 80' lang='lat' dir='ltr'>Lilia,</span> <span class='ocrx_word' id='word_1_188' title='bbox 131 2013 285 2072; x_wconf 79' lang='lat' dir='ltr'>verbenasque</span> <span class='ocrx_word' id='word_1_189' title='bbox 295 2027 400 2074; x_wconf 87' lang='lat' dir='ltr'>premens</span> <span class='ocrx_word' id='word_1_190' title='bbox 411 2025 549 2071; x_wconf 87' lang='lat' dir='ltr'>vescumque</span> <span class='ocrx_word' id='word_1_191' title='bbox 558 2024 662 2073; x_wconf 86' lang='lat' dir='ltr'>papaver,</span> 
     </span>
     <span class='ocr_line' id='line_1_30' title="bbox 65 2071 673 2139; baseline 0 -16"><span class='ocrx_word' id='word_1_192' title='bbox 65 2071 146 2138; x_wconf 78' lang='lat' dir='ltr'>Regum</span> <span class='ocrx_word' id='word_1_193' title='bbox 157 2077 261 2138; x_wconf 77' lang='lat' dir='ltr'>aequabtu</span> <span class='ocrx_word' id='word_1_194' title='bbox 272 2093 326 2139; x_wconf 89' lang='lat' dir='ltr'>opes</span> <span class='ocrx_word' id='word_1_195' title='bbox 338 2077 433 2133; x_wconf 87' lang='lat' dir='ltr'>animis;</span> <span class='ocrx_word' id='word_1_196' title='bbox 451 2074 546 2136; x_wconf 77' lang='lat' dir='ltr'>serique</span> <span class='ocrx_word' id='word_1_197' title='bbox 558 2084 673 2123; x_wconf 85' lang='lat' dir='ltr'>revertens</span> 
     </span>
     <span class='ocr_line' id='line_1_31' title="bbox 66 2136 673 2204; baseline 0.007 -20"><span class='ocrx_word' id='word_1_198' title='bbox 66 2136 131 2188; x_wconf 85' lang='lat' dir='ltr'>Nocte</span> <span class='ocrx_word' id='word_1_199' title='bbox 140 2143 241 2196; x_wconf 88' lang='lat' dir='ltr'>domum,</span> <span class='ocrx_word' id='word_1_200' title='bbox 253 2142 345 2204; x_wconf 87' lang='lat' dir='ltr'>dapibus</span> <span class='ocrx_word' id='word_1_201' title='bbox 356 2157 447 2188; x_wconf 87' lang='lat' dir='ltr'>mensas</span> <span class='ocrx_word' id='word_1_202' title='bbox 458 2141 564 2188; x_wconf 84' lang='lat' dir='ltr'>onerabat</span> <span class='ocrx_word' id='word_1_203' title='bbox 574 2141 673 2189; x_wconf 86' lang='lat' dir='ltr'>inemtis.</span> 
     </span>
     <span class='ocr_line' id='line_1_32' title="bbox 66 2201 694 2269; baseline 0.002 -18"><span class='ocrx_word' id='word_1_204' title='bbox 66 2201 144 2253; x_wconf 89' lang='lat' dir='ltr'>Primus</span> <span class='ocrx_word' id='word_1_205' title='bbox 153 2223 208 2255; x_wconf 83' lang='lat' dir='ltr'>vere</span> <span class='ocrx_word' id='word_1_206' title='bbox 218 2222 294 2254; x_wconf 84' lang='lat' dir='ltr'>msam</span> <span class='ocrx_word' id='word_1_207' title='bbox 305 2214 373 2268; x_wconf 89' lang='lat' dir='ltr'>atque</span> <span class='ocrx_word' id='word_1_208' title='bbox 383 2215 506 2254; x_wconf 89' lang='lat' dir='ltr'>auctumno</span> <span class='ocrx_word' id='word_1_209' title='bbox 517 2221 608 2269; x_wconf 88' lang='lat' dir='ltr'>carpere</span> <span class='ocrx_word' id='word_1_210' title='bbox 618 2220 694 2269; x_wconf 86' lang='lat' dir='ltr'>poma,</span> 
     </span>
     <span class='ocr_line' id='line_1_33' title="bbox 65 2266 610 2334; baseline 0.013 -20"><span class='ocrx_word' id='word_1_211' title='bbox 65 2266 147 2318; x_wconf 82' lang='lat' dir='ltr'>Etcum</span> <span class='ocrx_word' id='word_1_212' title='bbox 159 2273 231 2320; x_wconf 88' lang='lat' dir='ltr'>tristis</span> <span class='ocrx_word' id='word_1_213' title='bbox 241 2273 315 2319; x_wconf 89' lang='lat' dir='ltr'>hiems</span> <span class='ocrx_word' id='word_1_214' title='bbox 325 2274 449 2319; x_wconf 88' lang='lat' dir='ltr'>etiamnum</span> <span class='ocrx_word' id='word_1_215' title='bbox 458 2272 545 2334; x_wconf 81' lang='lat' dir='ltr'>frigore</span> <span class='ocrx_word' id='word_1_216' title='bbox 555 2286 610 2321; x_wconf 72' lang='lat' dir='ltr'>saxa</span> 
     </span>
     <span class='ocr_line' id='line_1_34' title="bbox 65 2331 629 2400; baseline -0.002 -16"><span class='ocrx_word' id='word_1_217' title='bbox 65 2331 183 2399; x_wconf 81' lang='lat' dir='ltr'>Rmperet,</span> <span class='ocrx_word' id='word_1_218' title='bbox 195 2345 220 2384; x_wconf 85' lang='lat' dir='ltr'>et</span> <span class='ocrx_word' id='word_1_219' title='bbox 229 2337 305 2400; x_wconf 87' lang='lat' dir='ltr'>glacie</span> <span class='ocrx_word' id='word_1_220' title='bbox 314 2352 394 2385; x_wconf 87' lang='lat' dir='ltr'>cursus</span> <span class='ocrx_word' id='word_1_221' title='bbox 403 2336 503 2384; x_wconf 86' lang='lat' dir='ltr'>frenaret</span> <span class='ocrx_word' id='word_1_222' title='bbox 513 2352 629 2397; x_wconf 83' lang='lat' dir='ltr'>aquarum,</span> 
     </span>
    </p>

    <p class='ocr_par' dir='ltr' id='par_1_12' title="bbox 66 2394 588 2465">
     <span class='ocr_line' id='line_1_35' title="bbox 66 2394 588 2465; baseline 0.004 -20"><span class='ocrx_word' id='word_1_223' title='bbox 66 2394 101 2447; x_wconf 87' lang='lat' dir='ltr'>lle</span> <span class='ocrx_word' id='word_1_224' title='bbox 109 2417 194 2453; x_wconf 88' lang='lat' dir='ltr'>comam</span> <span class='ocrx_word' id='word_1_225' title='bbox 204 2402 280 2450; x_wconf 85' lang='lat' dir='ltr'>mollis</span> <span class='ocrx_word' id='word_1_226' title='bbox 286 2404 336 2465; x_wconf 87' lang='lat' dir='ltr'>jam</span> <span class='ocrx_word' id='word_1_227' title='bbox 348 2402 454 2449; x_wconf 88' lang='lat' dir='ltr'>tondebat</span> <span class='ocrx_word' id='word_1_228' title='bbox 465 2402 588 2462; x_wconf 86' lang='lat' dir='ltr'>hyacinthi,</span> 
     </span>
    </p>

    <p class='ocr_par' dir='ltr' id='par_1_13' title="bbox 66 2463 708 2598">
     <span class='ocr_line' id='line_1_36' title="bbox 66 2463 708 2530; baseline -0.005 -18"><span class='ocrx_word' id='word_1_229' title='bbox 66 2463 166 2515; x_wconf 85' lang='lat' dir='ltr'>AEstatern</span> <span class='ocrx_word' id='word_1_230' title='bbox 177 2467 316 2529; x_wconf 87' lang='lat' dir='ltr'>increpitans</span> <span class='ocrx_word' id='word_1_231' title='bbox 328 2482 399 2514; x_wconf 81' lang='lat' dir='ltr'>seruo</span> <span class='ocrx_word' id='word_1_232' title='bbox 411 2467 574 2530; x_wconf 84' lang='lat' dir='ltr'>Zephyrosque</span> <span class='ocrx_word' id='word_1_233' title='bbox 584 2467 708 2509; x_wconf 78' lang='lat' dir='ltr'>morantes·</span> 
     </span>
     <span class='ocr_line' id='line_1_37' title="bbox 67 2527 622 2598; baseline -0.009 -23"><span class='ocrx_word' id='word_1_234' title='bbox 67 2527 120 2593; x_wconf 84' lang='lat' dir='ltr'>llrgo</span> <span class='ocrx_word' id='word_1_235' title='bbox 130 2534 207 2595; x_wconf 89' lang='lat' dir='ltr'>apibus</span> <span class='ocrx_word' id='word_1_236' title='bbox 215 2532 269 2580; x_wconf 90' lang='lat' dir='ltr'>fetis</span> <span class='ocrx_word' id='word_1_237' title='bbox 280 2532 340 2579; x_wconf 90' lang='lat' dir='ltr'>idem</span> <span class='ocrx_word' id='word_1_238' title='bbox 351 2541 419 2593; x_wconf 90' lang='lat' dir='ltr'>atque</span> <span class='ocrx_word' id='word_1_239' title='bbox 429 2532 534 2579; x_wconf 78' lang='lat' dir='ltr'>exanaiue</span> <span class='ocrx_word' id='word_1_240' title='bbox 545 2528 622 2598; x_wconf 41' lang='lat' dir='ltr'>multo.</span> 
     </span>
    </p>

    <p class='ocr_par' dir='ltr' id='par_1_14' title="bbox 66 2588 726 2723">
     <span class='ocr_line' id='line_1_38' title="bbox 67 2588 726 2664; baseline -0.008 -22"><span class='ocrx_word' id='word_1_241' title='bbox 67 2591 143 2648; x_wconf 79' lang='lat' dir='ltr'>Primm</span> <span class='ocrx_word' id='word_1_242' title='bbox 152 2598 274 2651; x_wconf 56' lang='lat' dir='ltr'>mundare,</span> <span class='ocrx_word' id='word_1_243' title='bbox 287 2604 310 2644; x_wconf 89' lang='lat' dir='ltr'>et</span> <span class='ocrx_word' id='word_1_244' title='bbox 321 2597 448 2659; x_wconf 82' lang='lat' dir='ltr'>spumantia</span> <span class='ocrx_word' id='word_1_245' title='bbox 459 2608 543 2654; x_wconf 86' lang='lat' dir='ltr'>cogere</span> <span class='ocrx_word' id='word_1_246' title='bbox 552 2602 636 2664; x_wconf 70' lang='lat' dir='ltr'>precoro</span> <span class='ocrx_word' id='word_1_247' title='bbox 675 2588 726 2632; x_wconf 75' lang='grc'>140</span> 
     </span>
     <span class='ocr_line' id='line_1_39' title="bbox 66 2657 626 2723; baseline -0.007 -12"><span class='ocrx_word' id='word_1_248' title='bbox 66 2657 127 2711; x_wconf 74' lang='lat' dir='ltr'>Meto</span> <span class='ocrx_word' id='word_1_249' title='bbox 135 2662 207 2722; x_wconf 74' lang='lat' dir='ltr'>lavia,</span> <span class='ocrx_word' id='word_1_250' title='bbox 222 2663 257 2713; x_wconf 83' lang='lat' dir='ltr'>illi</span> <span class='ocrx_word' id='word_1_251' title='bbox 267 2662 330 2718; x_wconf 78' lang='lat' dir='ltr'>tile,</span> <span class='ocrx_word' id='word_1_252' title='bbox 340 2667 410 2723; x_wconf 90' lang='lat' dir='ltr'>atque</span> <span class='ocrx_word' id='word_1_253' title='bbox 421 2659 535 2708; x_wconf 88' lang='lat' dir='ltr'>uberrima</span> <span class='ocrx_word' id='word_1_254' title='bbox 544 2665 626 2715; x_wconf 76' lang='lat' dir='ltr'>ponuat</span> 
     </span>
    </p>
   </div>
   <div class='ocr_carea' id='block_1_3' title="bbox 0 0 860 2925">
    <p class='ocr_par' dir='ltr' id='par_1_15' title="bbox 0 0 860 2925">
     <span class='ocr_line' id='line_1_40' title="bbox 0 0 860 2925; baseline 0 0"><span class='ocrx_word' id='word_1_255' title='bbox 0 0 860 2925; x_wconf 95' lang='lat' dir='ltr'> </span> 
     </span>
    </p>
   </div>
  </div>
 </body>
</html>
