1709 2925
153 134 203 181 254
325 126 491 178 AENEIDOS
506 121 645 178 1212an

156 257 302 323 coniunxere
313 259 359 314 tibi,
371 265 394 305 et
404 258 458 305 fatis
469 256 537 320 egssre
548 259 669 307 volentem.

154 324 283 377 Dardanus,
296 321 373 370 Iliacae
383 323 470 385 primus
479 331 543 385 pater
553 325 614 370 urbis
624 334 650 371 et
660 333 748 384 auctor,

153 387 253 443 Electri,
264 395 290 435 ut
302 387 366 435 Graii
376 388 500 450 perhibent,
512 389 629 435 Atlantide
640 399 724 446 cretus,

152 454 282 502 Advehitus
292 450 408 509 Teucros3
425 451 544 499 Electram
553 455 668 501 maximus
677 456 747 503 Atlas

152 517 239 572 Edidit
251 519 361 564 aethereos
370 518 465 563 humero
476 518 514 578 qui
525 518 620 564 sustinet
627 519 702 565 orbes.

153 581 229 630 Vobis
238 582 367 630 Mercurius
377 588 445 644 pater
451 590 493 636 cst,
504 597 570 641 quem
581 583 676 630 candida
686 583 754 632 Maia

153 646 258 709 Cyllenae
267 647 344 709 gelido
354 653 489 707 conceptum
500 648 584 693 vertice
593 646 667 705 sudit5
775 652 819 695 182

152 714 186 760 At
198 711 292 768 Maiam,
304 712 385 759 auditis
395 711 415 757 si
424 711 544 772 quidquam
555 713 675 767 credimus,
686 713 766 773 Atlas,

145 776 219 825 'Idem
230 778 296 824 Atlas
306 773 407 839 genesii,
418 776 470 823 ooeii
480 777 520 836 qui
530 776 602 823 sidem
612 778 680 823 tollit.

152 843 191 893 sic
202 857 275 905 genus
285 841 401 889 amborum
413 841 494 886 scindit
505 856 530 887 se
541 839 651 903 sanguine
661 843 690 888 ab
701 858 756 890 une

152 908 200 955 His
210 907 289 963 fretus,
302 921 348 952 non
359 906 456 967 legstos‚
468 920 540 965 neque
550 908 622 966 prima
631 922 675 968 per
682 916 755 954 actem

150 972 302 1020 Tentamentn
313 972 345 1016 tui
356 970 445 1031 pepigi:
464 984 510 1027 me,
521 985 557 1016 me
568 970 624 1031 ipse,
632 986 758 1033 memque

150 1037 230 1098 Objeci
242 1042 314 1096 caput,
326 1042 350 1080 et
360 1035 454 1096 supplex
465 1035 493 1080 ad
503 1035 581 1081 limina
592 1036 652 1081 veni.

150 1103 217 1150 Gens
227 1100 311 1152 eadem,
322 1114 373 1160 quae
382 1108 411 1153 tc,
420 1098 505 1145 crudeli
516 1098 609 1145 Daunia
618 1100 678 1146 bello

150 1164 294 1226 Insequitur3
312 1178 354 1210 uos
365 1164 383 1209 si
394 1163 486 1225 pellant,
497 1164 552 1210 nihil
562 1164 638 1211 abfore
649 1166 753 1221 credunt,

104 1247 107 1262 ¹
150 1230 213 1286 Quin
220 1244 310 1278 omnem
320 1227 456 1290 Hesperium
464 1230 553 1290 penitus
561 1244 601 1275 sua
607 1231 711 1292 subjuga
717 1232 812 1285 m'ttant.

148 1293 183 1343 Et
193 1310 261 1348 mare,
272 1294 332 1355 quod
342 1309 415 1356 supra,
426 1301 525 1348 teneant,
536 1295 640 1355 quodque
650 1295 715 1342 alluit
726 1296 791 1343 mira.
803 1333 806 1338 ⁴

148 1362 242 1421 Accipe,
254 1360 325 1419 daque
335 1357 410 1406 fidem.
443 1358 502 1410 Sunt
512 1359 576 1405 nobis
586 1358 653 1406 fortis
662 1361 723 1408 bello
769 1362 812 1408 150

148 1424 252 1479 Pectora,
264 1430 317 1471 sunt
328 1424 404 1482 animi,
416 1431 441 1470 et
451 1424 517 1472 rebus
528 1430 627 1486 spectata
632 1425 752 1488 juventus.

181 1489 279 1536 Dixerat
289 1488 383 1537 AEness.
415 1487 460 1535 ltte
470 1505 503 1544 os.
515 1490 637 1551 oculosque
647 1490 766 1554 bquentis

146 1554 290 1608 Jamdudum,
302 1562 325 1602 et
336 1561 409 1601 totum
419 1555 529 1602 lustrabat
538 1555 623 1602 lamine
633 1570 722 1618 corpus.

146 1619 208 1670 Tum
220 1619 252 1666 sic
262 1634 334 1681 pauca
345 1618 424 1666 refert:
447 1618 482 1666 Ut
492 1629 521 1673 te,
532 1618 655 1667 fortissime
665 1620 788 1679 Teucrdm.

145 1685 242 1747 Accipio
253 1699 397 1746 agnoscoque
408 1683 493 1733 libens!
512 1691 537 1730 ut
548 1686 615 1732 verba
625 1689 731 1747 parentis,

145 1751 181 1800 Et
190 1765 270 1798 vocem
282 1750 390 1797 Anchisae
401 1749 479 1811 magni
490 1749 622 1811 vultumque
633 1752 753 1801 recordor!

145 1815 208 1864 Nam
219 1816 311 1862 memini
323 1814 435 1862 Hesione
445 1814 556 1861 visentem
567 1829 638 1876 regna
649 1818 732 1864 sororis

146 1879 354 1928 Laomedontiaden
366 1879 489 1933 Priamum,
502 1880 617 1939 Salamina
626 1887 748 1941 petentem,

146 1944 260 1993 Proteuus
268 1945 373 1993 Arcadiae
382 1944 470 2006 gelidos
480 1944 578 1990 invisere
587 1944 652 1992 fines·

144 2009 206 2058 Tum
217 2010 272 2055 mihi
282 2011 354 2071 prima
364 2024 435 2071 genas
445 2009 540 2056 vestihat
550 2007 726 2071 florejuveuts5
763 2016 809 2060 160

144 2073 290 2133 Mirahsrque
301 2074 369 2120 duces
379 2072 488 2128 Teucros,
499 2073 595 2120 mirabar
605 2083 629 2121 et
639 2075 715 2138 ipsum

144 2138 366 2186 Laomedontiaden:
386 2138 427 2184 sed
436 2139 524 2185 cunctis
533 2138 599 2185 altior
609 2139 656 2186 ibat

58 2209 63 2221 “
144 2202 265 2251 Anchises.
297 2201 357 2248 Mihi
368 2203 540 2265 mensJuvenali
552 2203 642 2250 ardebat
653 2219 732 2254 amore

145 2265 289 2328 Compellare
300 2266 380 2321 virum,
392 2274 416 2313 et
427 2268 513 2315 dentre
523 2269 662 2330 conjungere
673 2270 784 2319 dextram.

142 2331 245 2383 Accessi,
256 2337 279 2377 et
289 2331 383 2392 cupidus
394 2330 481 2379 Phenei
492 2334 533 2379 sub
543 2334 628 2381 moenia
637 2334 701 2382 duxi.

143 2396 187 2445 Ille
198 2396 253 2443 mihi
263 2394 376 2457 insignem
386 2397 513 2458 pharetram
524 2396 654 2459 Lyciasque
664 2402 766 2463 sagittas,

142 2461 278 2514 Discedens.
289 2460 475 2521 chlamydemque
485 2477 539 2508 auro
550 2463 611 2510 dedit
619 2464 773 2523 intertextam,

143 2527 263 2587 Frenaque
273 2525 332 2581 bins,
343 2540 407 2572 meus
417 2541 470 2585 quae
481 2543 541 2574 nunc
553 2528 620 2575 babet
630 2544 700 2578 auree
711 2531 793 2581 Pallas.

142 2590 208 2653 Ergo
219 2597 249 2645 et,
258 2605 324 2650 quam
331 2590 499 2653 petitiajuucts
508 2602 543 2640 est
554 2593 608 2640 mihi
618 2592 707 2643 foederc
716 2598 806 2657 dextre3

142 2653 182 2712 Et,
194 2655 234 2703 lux
244 2669 296 2703 cum
306 2655 403 2717 primum
413 2656 481 2705 tersis
490 2672 516 2708 se
525 2659 624 2708 crastina
634 2660 721 2722 ueddet
761 2667 807 2714 170

508 2782 521 2813 O
