1709 2925
117 134 165 181 nse
289 128 454 179 mumnos
471 104 600 180 nexu.

118 260 192 323 lnque
202 261 274 308 ricem
286 275 346 307 nunc
357 258 450 307 Turnus
460 261 519 322 agite
528 276 591 307 nuuc
602 259 695 310 Troius
702 264 780 319 truce.

117 326 248 390 Expediet?
264 325 353 374 tenton‘
366 327 449 388 placuit
459 342 594 373 concurrere
604 339 681 383 motu,

118 391 214 454 Jupiter,
226 389 313 438 aeternat
321 400 403 453 gentes
414 392 437 437 in
448 406 504 452 pace
513 391 624 439 suturas?

119 457 206 504 AEneos
217 455 329 503 Rutulum
341 456 467 503 Sucronem
479 458 517 520 (ec
526 458 599 518 prime
609 465 708 505 ruentes

118 522 201 585 Pugna
211 521 262 568 loco
273 522 352 569 statuit
359 519 483 581 Teucros),
495 522 553 568 houd
565 522 640 569 multa
650 532 764 579 moretur,

118 587 213 648 Excipit
222 588 246 633 in
257 586 324 639 lctus,
333 595 364 640 et,
375 584 418 647 qul
431 587 477 632 fata
488 587 610 639 celerrima,
622 589 722 635 crudum

118 650 263 714 Trunsodigit
273 659 347 698 costas
354 662 379 698 et
388 660 462 698 crates
471 653 569 714 pectoris
580 667 670 699 ensem.

116 716 211 765 Turnus
221 732 279 779 equo
290 717 400 779 dejectum
409 717 530 778 Amycum,
538 717 679 778 fratremque
687 718 793 774 Dionem,

119 782 264 846 congressus
273 782 353 844 pedes:
374 783 434 828 huuc
445 784 572 828 uenientem
584 784 680 845 cuspide
691 784 770 847 longe,

119 849 192 896 Hunc
202 862 311 895 mucrone
321 846 387 903 serit3
403 862 514 908 curruque
524 848 610 894 abscisa
621 850 723 895 duorum

119 914 241 976 Suspendit
251 913 329 975 capita,
342 919 366 958 et
376 914 475 959 rorentis
486 913 596 974 sanguine
606 922 692 975 portat.
745 916 793 961 512

121 978 164 1026 Ille
175 977 249 1026 Telon
260 976 401 1039 Tanaimque
412 979 461 1023 neci
474 977 600 1037 fortemque
611 977 755 1042 Cethegum,

119 1043 178 1091 Tres
190 1058 235 1090 uno
246 1057 377 1104 congressu.
388 1051 411 1088 ct
422 1051 529 1089 rnoestum
540 1044 610 1090 mittit
621 1044 730 1104 Onyten,

119 1109 212 1156 Nomen
223 1107 367 1162 Echionium,
379 1109 501 1169 mettisque
511 1123 585 1169 genus
597 1107 715 1168 Peridiae3

120 1173 168 1221 Hic
177 1173 259 1221 fratres
271 1171 345 1234 Lyciis
354 1174 437 1219 missos
447 1183 470 1218 et
482 1174 595 1235 Apollinis
606 1175 676 1235 agris,

120 1239 153 1287 Et
160 1241 270 1303 juvenem
282 1252 376 1285 exosum
388 1238 537 1299 nequidquam
547 1239 607 1285 belle
618 1239 746 1287 Menoetcn

120 1305 227 1362 Arcadu3
243 1305 339 1366 piscosas
350 1304 386 1350 cui
397 1305 482 1350 circum
493 1303 587 1351 flumine
598 1303 685 1352 Leruae

120 1371 167 1419 Ars
177 1369 259 1428 fueret,
270 1383 398 1432 pauperque
405 1369 502 1426 domus5
519 1384 561 1415 nec
572 1377 627 1416 nota
636 1370 761 1431 potentum

120 1435 225 1496 Limins;
241 1433 395 1496 conductique
405 1441 469 1497 pater
480 1434 560 1482 tellure
571 1436 666 1483 screbat.
744 1438 794 1485 520

121 1502 157 1549 Ac
169 1502 231 1548 velut
241 1501 336 1547 immissi
347 1501 442 1547 diversis
452 1502 551 1563 partibus
560 1502 627 1563 ignes

120 1567 230 1615 Arentem
241 1566 265 1612 in
276 1565 355 1612 silvam
367 1566 496 1629 etvirgnlta
507 1567 610 1613 sonantia
619 1567 701 1626 laur-03

119 1634 169 1682 Aut
180 1633 217 1680 ubi
228 1632 322 1679 decursu
333 1632 410 1693 rapido
421 1632 450 1678 de
459 1632 573 1678 montibus
583 1631 635 1678 altis

119 1698 186 1745 Dant
196 1698 294 1745 sonitum
305 1697 405 1759 spumosi
415 1711 500 1753 amnes,
511 1706 534 1743 et
545 1698 568 1742 in
580 1711 673 1758 aequore
684 1706 787 1756 currunt,

120 1763 223 1825 Quisque
234 1778 298 1810 suum
310 1762 428 1825 populatus
439 1762 497 1809 iter:
516 1777 562 1808 non
574 1764 668 1824 segnius
679 1765 749 1811 ambo

121 1829 208 1876 AEncos
217 1827 355 1889 Turnusque
365 1834 434 1873 munt
444 1841 484 1890 per
494 1828 589 1890 proelia;
606 1843 676 1885 nune,
688 1845 753 1876 nunc

119 1893 225 1941 Fluctunt
236 1894 269 1940 ira
276 1894 338 1939 intus
347 1910 353 1946 ;
368 1899 504 1954 rumpuntur
513 1892 588 1939 nescia
597 1894 659 1939 vinci

121 1959 232 2015 Pectora3
249 1973 310 2005 nunc
320 1958 374 2004 totis
385 1958 409 2004 in
419 1957 514 2005 vulnera
524 1958 608 2004 viribus
619 1959 671 2004 itur.

119 2024 257 2072 Murranum
269 2025 311 2077 blc,
322 2030 401 2071 atavos
412 2029 435 2069 ct
446 2037 538 2069 enorum
551 2024 643 2084 antiqua
654 2030 776 2072 sonantem

119 2088 227 2141 Nomina,
239 2104 279 2151 per
290 2102 399 2150 regesque
409 2095 484 2134 actum
496 2102 569 2149 genus
580 2102 649 2134 omne
661 2087 767 2144 Latinos,

120 2153 264 2215 Praecipitcm
276 2154 369 2214 scopulo
379 2161 446 2214 utque
456 2154 556 2215 ingentis
566 2154 657 2200 tutbine
667 2156 717 2201 saxi
742 2159 788 2202 531

119 2218 223 2272 Excutit,
234 2214 374 2280 effunditque
384 2219 434 2265 solo
443 2235 450 2275 ;
469 2219 528 2264 hunc
539 2219 587 2264 lora
597 2219 687 2281 etjuga
699 2220 777 2267 subter

120 2280 259 2332 Provolvera
270 2291 340 2330 rotaet
360 2284 438 2329 crebro
451 2297 518 2344 super
528 2283 614 2346 ungulo
624 2284 694 2345 pulsu

120 2349 202 2400 Incite,
214 2362 256 2393 uec
267 2348 352 2393 domini
362 2362 496 2402 memorum,
505 2349 621 2410 proculcat
631 2363 760 2410 equomm3

119 2412 165 2459 Ille
176 2413 249 2458 ruenti
262 2410 343 2471 Hyllo,
354 2412 480 2473 animisque
490 2414 588 2459 immane
597 2413 716 2471 frementi,

118 2475 230 2529 Occurrit,
241 2476 356 2535 telumque
367 2485 445 2523 anneta
454 2478 483 2523 ad
494 2486 596 2540 tempore
607 2485 713 2539 torquet:

118 2539 166 2585 Olli
177 2547 217 2598 per
226 2540 314 2599 galeam
326 2539 373 2586 uxo
384 2542 447 2586 stetit
458 2543 522 2588 linsta
533 2543 632 2589 cerebro.

117 2599 221 2648 Dextera
230 2615 274 2649 nee
284 2610 324 2649 tun
334 2611 364 2659 te,
376 2604 473 2651 Graium
484 2605 613 2663 fortissime,
626 2605 723 2664 Creten,
