1709 2925
126 122 174 166 228
308 114 472 167 AENEIDOS
488 114 613 166 ann.

128 246 189 297 Cum
200 248 262 296 venti
273 246 373 311 posuere,
385 249 503 309 omnisque
512 256 605 311 repente
614 249 697 297 resedit

128 311 214 369 Fatus,
225 321 248 359 et
258 314 282 360 in
291 314 354 361 lento
364 314 479 361 luctantur
488 329 600 361 marmore
611 321 691 362 tonsae.

126 378 205 439 Atque
216 379 251 425 bic
262 378 350 425 AEneas
359 379 476 441 ingentem
487 375 517 425 ex
527 395 618 440 aequore
627 380 704 426 lucum

127 442 246 504 Prospicit.
282 442 354 491 Hunc
363 444 422 491 inter
432 442 503 490 fluvio
510 442 630 492 'liberinus
640 459 735 500 amoeno,
755 445 783 491 ³0

128 506 259 555 Vorticibus
269 508 356 570 rapidis,
368 516 392 556 et
402 506 474 564 multi
483 508 556 555 flsvus
566 507 641 564 areni,

127 569 157 618 In
168 588 230 619 mare
239 574 370 635 prorumpit.
386 567 465 620 Varise
475 569 604 635 circumque
614 589 724 637 supraque

127 638 235 686 Assuetae
245 639 299 700 ripis
308 639 412 686 volucres
422 644 446 685 et
456 636 555 684 fluminis
567 639 633 685 alveo

128 701 225 750 AEthera
232 703 358 752 mulcebant
368 709 442 758 cantu,
453 702 548 765 lucoque
559 704 673 751 volabant.

127 767 232 815 Flectere
241 769 285 815 iter
294 769 370 827 sociis,
381 775 493 829 terraeque
502 768 618 818 advertere
628 784 713 830 proras,

129 832 236 898 Imperat,
248 842 272 880 et
281 834 347 881 laetus
357 832 427 879 fluvio
439 834 539 880 succedit
549 848 627 896 opsco.

160 897 231 946 Nunc
241 913 290 961 age,
302 899 341 959 qui
351 913 424 960 reges,
435 897 514 953 Erato,
525 913 577 960 quae
584 905 687 960 tempora
696 913 772 954 terrun,

129 962 190 1018 Quis
201 962 268 1010 Latio
278 964 369 1023 antiquo
378 962 447 1010 fuerit
457 970 536 1018 status,
548 962 635 1010 advena
645 964 739 1011 damm

128 1027 188 1077 Cum
200 1028 296 1090 primum
308 1027 417 1074 Ausoniis
426 1028 539 1074 exercitus
549 1028 634 1089 appulit
644 1029 697 1084 oris,
759 1071 761 1076 .

129 1093 262 1155 Expedism‚
273 1100 297 1139 et
307 1093 386 1154 primae
396 1093 506 1139 revocabo
517 1093 608 1142 exordia
617 1108 718 1155 pugnae3
758 1095 786 1138 40

128 1157 167 1205 Tu
179 1166 259 1212 vatem,
270 1165 302 1212 tu,
315 1155 383 1212 Diva,
394 1172 470 1203 mone.
501 1156 585 1204 Dicam
596 1158 688 1205 horrida
697 1158 753 1204 bella
759 1174 767 1214 ;

128 1222 213 1271 Dicam
224 1223 290 1277 acies,
301 1229 406 1284 actosque
416 1222 497 1268 animis
508 1223 531 1267 in
541 1221 622 1269 funera
632 1238 705 1285 reges,

128 1287 314 1349 Tyrrhenamque
322 1302 422 1344 manum,
434 1292 550 1347 totamque
560 1287 601 1333 sub
611 1302 675 1334 arma
684 1293 778 1334 coactam

129 1353 273 1415 Hesperiam.
306 1351 383 1415 Major
394 1367 468 1399 rerum
478 1352 533 1397 mibi
545 1353 644 1398 nascitur
654 1353 727 1410 ordo;

129 1417 208 1481 Majus
218 1432 274 1480 opus
285 1432 374 1464 moveo.
404 1416 458 1464 Rex
468 1432 523 1464 arva
534 1416 630 1464 Latinas
641 1423 665 1464 et
674 1418 739 1465 urbes

129 1482 183 1533 Jam
194 1484 269 1529 senior
277 1480 347 1545 longi
357 1482 454 1545 placidas
465 1483 488 1528 in
498 1498 554 1544 pace
561 1483 662 1546 regebat.

130 1546 203 1596 Hunc
214 1546 294 1595 Fauno
304 1555 328 1593 et
339 1545 438 1659 nymphi
448 1547 551 1610 genitum
560 1547 676 1595 Inureute
686 1543 771 1595 Marici

129 1613 280 1675 Accipimus3
296 1610 375 1659 Fsuno
408 1613 457 1659 icus
466 1620 546 1675 pater3
563 1613 627 1673 isque
637 1620 751 1675 parentem

131 1678 173 1736 Te,
186 1679 289 1732 Saturne,
300 1677 383 1736 refert3
401 1684 425 1723 tu
438 1678 553 1739 sanguinis
565 1677 657 1724 ultimus
668 1685 751 1725 auctor.

130 1744 202 1793 Filius
213 1744 272 1799 buis,
282 1742 329 1791 fato
340 1741 436 1796 Divina,
446 1744 566 1804 prolesque
575 1743 646 1790 virilis
760 1741 788 1788 50

130 1809 202 1858 Nulla
211 1809 261 1864 suia,
271 1806 386 1871 primQue
397 1808 472 1854 oriens
482 1815 559 1870 erepta
564 1806 662 1869 juventi
671 1814 714 1855 est.
740 1802 743 1807 ’

131 1875 186 1922 Sola
196 1875 287 1922 domurn
298 1881 322 1921 et
331 1880 404 1920 tantas
415 1874 518 1920 servabat
527 1870 573 1918 filia
580 1873 652 1928 sedes,

129 1938 183 1987 Jam
194 1948 282 1986 matura
293 1940 349 1995 viro,
361 1939 410 2002 jam
420 1938 493 1999 plenis
503 1937 585 1983 nubilis
594 1939 668 1984 annis.

131 2003 203 2049 Multi
213 2003 274 2050 illum
285 2018 370 2065 magno
380 2018 394 2049 e
405 2000 473 2049 Latio
483 1999 577 2063 totbque
586 2003 695 2064 petebant

129 2065 250 2124 Ausonib;
263 2069 319 2128 petit
330 2074 382 2114 ante
392 2068 448 2114 alios
459 2067 620 2130 pulcherrImus
631 2081 713 2114 omnes

130 2129 230 2184 Turnus,
242 2132 290 2177 avis
300 2133 415 2193 atavisque
425 2140 505 2194 potens
511 2148 519 2189 3
536 2146 604 2192 quem
615 2134 680 2194 regia
691 2132 770 2196 conjtsx

129 2195 233 2257 Adjungi
243 2210 352 2256 generum
363 2197 421 2243 miro
429 2196 562 2259 properabat
571 2211 648 2243 amore
654 2213 663 2254 ;
750 2208 751 2211 ’

107 2298 109 2305 .
129 2260 176 2308 'Sed
186 2260 254 2306 variis
265 2267 369 2322 portenta
379 2260 457 2308 Dessm
468 2262 589 2308 terroribus
599 2261 698 2308 obstant.

130 2324 221 2372 Laurus
231 2332 279 2370 arat
290 2325 342 2375 tecti
354 2325 427 2373 medio
438 2327 462 2372 in
473 2326 621 2388 penetralibus
632 2326 692 2382 altis,
761 2326 789 2373 59

131 2391 200 2438 Socra
209 2402 304 2443 comam,
315 2390 444 2450 multosque
453 2397 516 2437 metu
527 2398 615 2439 servata
624 2406 666 2453 per
676 2404 763 2448 annos;

131 2455 208 2509 Quam
219 2461 286 2517 pater¹
291 2454 414 2509 inventam,
424 2456 509 2516 primas
519 2471 571 2504 cum
582 2456 691 2504 conderet
701 2470 767 2513 arces.

131 2516 184 2579 lpse
193 2518 304 2566 ferebatur
315 2518 402 2566 Phoebo
413 2519 512 2567 sacrisse
524 2519 627 2574 Lstinus,
653 2568 656 2573 ,

131 2580 301 2645 Laurentesque
311 2584 338 2630 ab
349 2583 377 2631 ei
386 2596 469 2631 nomen
479 2583 582 2647 posuisse
593 2585 688 2633 colonis.
783 2602 786 2609 ’

132 2643 210 2709 HuJ'us
220 2662 272 2710 apes
283 2663 396 2697 summum
407 2649 484 2698 densae
496 2648 607 2715 (mirabile
617 2648 702 2713 dictu),
