1709 2925
272 116 439 168 AENEIDOS
455 117 509 168 Lu.
520 116 570 168 ΙΙΙ.
706 123 754 170 153

52 246 203 302 Cernitur.
230 244 325 297 Attollit
334 265 360 298 se
370 249 422 298 diva
433 248 527 299 lacinia
536 256 623 305 contra,

60 312 242 374 Caulonisque
252 328 323 372 arces,
335 321 359 362 et
369 314 512 380 navifragum
523 316 666 377 Scylaceum.

59 377 138 425 Tum
151 378 263 440 procule
273 378 344 426 iiuctu
354 379 472 427 Trinacria
482 381 582 442 cernitur
591 380 681 438 AEtna3

60 443 103 492 Et
115 443 242 505 gemitum
252 445 370 506 ingentem
379 445 464 507 pelagi,
474 446 604 508 pulsataque
614 460 670 494 saxa

62 509 201 555 Audimus
210 508 288 572 longe.
298 508 425 571 fractasque
435 511 463 556 ad
473 511 540 558 litora
550 526 632 569 voces3

62 572 257 634 Exsultautque
267 574 331 630 vada,
341 582 409 636 atque
419 582 477 623 aestu
487 577 610 623 miscentur
620 590 703 624 areae.
735 598 737 603 ¹

64 637 107 685 Et
119 645 195 700 pater
205 638 329 686 Anchises:
349 638 465 687 Nimirum
476 641 526 688 bec
535 640 574 687 illa
585 639 725 702 Charybdim

66 701 136 749 Hos
152 701 260 750 Helenus
270 705 381 766 scopulos,
392 705 443 752 baec
453 720 509 752 saxa
517 706 628 753 horrenda
638 707 739 753 canebat.

68 766 185 828 Eripite,
196 785 211 815 o
222 768 277 815 socii
283 785 291 826 ;
308 770 435 831 pariterque
445 770 555 831 insurgite
566 770 639 817 remis.
704 772 754 817 560

70 832 158 879 Haud
169 833 246 880 minus
255 834 346 897 acjussi
357 834 457 882 iaciunt:
475 835 607 898 primusque
616 835 734 882 rudentem

72 896 206 945 contorsit
216 898 287 946 laevas
296 914 384 960 promm
397 898 518 947 Palinurus
528 900 557 946 ad
566 899 654 956 undss3

73 960 183 1010 Laevam
194 971 277 1011 cuncta
286 965 368 1012 cohors
379 966 448 1012 remis
457 966 576 1026 ventisque
585 965 674 1028 petivit.

75 1025 200 1081 Tollimur
211 1028 235 1074 in
245 1028 329 1076 coelum
339 1037 434 1077 curvato
443 1031 542 1093 gurgite,
553 1037 577 1077 et
587 1029 647 1078 idem

76 1090 203 1139 Subducti
214 1093 243 1139 ad
254 1093 338 1141 Manes
348 1095 406 1141 imos
417 1095 540 1142 desidimus
550 1093 618 1142 andi.

75 1154 134 1203 Ter
143 1157 232 1220 scopuli
242 1158 363 1206 clamorem
374 1160 434 1206 inter
444 1175 500 1207 cara
510 1174 565 1207 saxa
574 1157 669 1208 dedite:

78 1219 133 1269 Ter
142 1237 248 1284 spumam
258 1223 336 1271 elisam
347 1233 371 1272 et
382 1226 481 1272 rorantia
490 1225 587 1272 vidimus
598 1232 665 1272 astra.

78 1284 178 1335 Interea
187 1287 260 1337 fessos
270 1297 353 1337 ventus
364 1303 415 1337 cum
427 1291 476 1337 sole
486 1289 589 1352 reliquit;

79 1349 210 1414 Ignarique
220 1354 265 1401 viae
277 1351 404 1417 Cyelopum
415 1355 532 1402 allabimur
542 1355 594 1403 oris.
704 1357 755 1405 569

117 1416 204 1466 Portus
215 1419 243 1466 ab
253 1434 344 1467 accessu
355 1427 475 1469 ventorum
485 1421 599 1477 immotus,
610 1428 634 1469 et
644 1420 727 1485 ingens

80 1480 152 1545 Ipse;
172 1484 213 1531 sed
224 1484 333 1533 horrificis
338 1487 407 1549 juxta
416 1494 481 1535 tonat
489 1486 564 1535 AEtna
573 1488 650 1543 ruinis,

80 1546 250 1610 Interdumque
259 1556 329 1597 atram
341 1553 467 1615 prorumpit
477 1553 506 1601 ad
516 1553 600 1600 oetbera
610 1554 699 1608 nubem,

82 1611 187 1664 Turbine
197 1613 321 1662 fumantem
333 1617 397 1678 piceo
408 1625 432 1665 et
441 1618 552 1665 candente
559 1616 637 1666 favilla
643 1635 651 1674 ;

82 1678 223 1740 Attollitque
233 1680 313 1742 globos
323 1680 472 1737 flammarum,
484 1690 508 1730 et
517 1683 590 1730 sidera
600 1682 691 1729 lambitr

84 1741 205 1794 Interdum
216 1746 320 1808 scopulos
330 1747 453 1809 avulsaque
462 1748 550 1795 viscera
559 1747 645 1794 montis

83 1806 163 1872 Erigit
173 1817 285 1866 eructans,
295 1811 461 1874 liquefactaque
471 1827 527 1859 saxa
536 1812 578 1858 sub
588 1825 654 1858 auras

84 1872 144 1922 Cum
155 1875 245 1936 gemitu
254 1875 373 1936 glomeret,
383 1876 499 1937 fundoque
509 1882 620 1924 exaestuat
630 1876 684 1923 imo.

83 1937 155 1986 Fama
167 1946 209 1994 ast,
222 1937 332 1988 Enceladi
343 1943 476 1989 semiustum
486 1940 581 1987 fulmine
591 1955 673 2002 corpus
735 1965 739 1974 ι

84 2003 172 2066 Urgeri
182 2004 243 2052 mole
253 2005 302 2060 bac,
313 2006 476 2068 ingentemque
486 2007 578 2067 insuper
588 2005 683 2053 AEtnam

83 2067 219 2132 Impositum
229 2070 301 2132 ruptis
311 2070 425 2119 flammam
437 2071 551 2133 exspirare
561 2071 669 2127 cummim
704 2073 754 2120 5⁸0

82 2132 123 2191 Et,
133 2133 222 2182 fessum
234 2136 322 2196 quoties
332 2143 405 2185 mutet
415 2137 482 2190 latus,
493 2137 613 2184 intremere
624 2152 715 2185 omnem

82 2198 205 2247 Murmure
216 2197 364 2258 Trinacriam,
376 2209 400 2248 et
409 2202 493 2249 coelum
505 2202 623 2249 subtexere
633 2202 704 2251 fumo.

83 2264 185 2311 Noctem
196 2264 257 2311 illam
268 2266 324 2312 tecti
334 2266 396 2313 silvis
406 2267 514 2314 immania
524 2273 625 2315 monstra

84 2328 235 2387 Perferimus3
252 2344 301 2385 nec,
313 2346 364 2392 qun
375 2333 474 2379 sonitum
485 2333 523 2378 det
533 2347 607 2388 causa,
615 2333 727 2379 videmus.

84 2393 144 2441 Nam
157 2409 231 2454 neque
241 2402 306 2442 erant
316 2403 427 2443 astrorum
438 2398 511 2458 ignes,
522 2412 565 2443 uec
576 2397 663 2445 lucidus
673 2392 746 2442 sethri

85 2456 177 2506 Siderei
186 2459 253 2521 polus
258 2477 267 2518 ;
284 2461 380 2508 obscuro
390 2462 431 2508 sed
441 2462 517 2509 nubila
526 2462 601 2520 coelo;

83 2523 115 2573 Et
125 2523 202 2572 lunam
214 2525 238 2572 iu
248 2525 325 2573 nimbo
335 2541 383 2573 nox
391 2527 526 2589 intempesta
535 2526 634 2572 tenebat.

113 2588 211 2637 Postera
216 2590 311 2652 jamque
321 2591 369 2639 dies
378 2592 452 2654 primo
463 2590 570 2651 surgebat
581 2588 641 2638 Eoo,

84 2650 271 2718 flauentemque
281 2655 372 2705 Aurora
382 2656 436 2720 polo
446 2657 572 2706 dimoverat
582 2650 699 2705 umbratur
746 2691 749 2696 .
