1709 2925
225 137 392 189 AENEIDOS
409 137 463 188 Lu.
474 137 495 188 1.
649 146 695 192 101

27 271 93 320 Unde
103 286 145 334 per
156 285 198 319 om
208 285 291 318 novem
302 277 369 319 vesto
380 285 433 318 eum
443 284 560 318 murmure
569 273 654 320 montis

27 336 49 384 lt
59 353 120 385 mare
129 343 273 399 proruptum,
284 342 308 382 et
318 336 400 397 pelago
410 336 491 398 premit
502 350 557 384 arva
567 339 657 386 sonanti
663 355 673 397 ;

28 401 73 449 Hic
83 412 161 450 tamen
173 402 211 448 ille
222 403 300 449 urbem
312 398 400 456 Putaui,
412 401 522 462 sedesque
530 403 615 451 locent

28 465 175 521 Teucrorum,
186 474 210 513 et
220 467 284 528 genti
296 482 379 514 nomen
392 467 459 521 dedit,
471 482 578 529 urinaque
587 467 639 517 fixit

14 560 16 563 -
29 531 111 589 Troia3
128 548 191 579 nune
201 530 288 593 placidi
299 530 430 594 compostus
442 547 497 593 pace
507 533 610 593 quiescit.

29 596 84 652 Nos,
96 606 135 645 tus
145 598 274 660 progenies,
286 597 337 644 coeli
348 598 429 657 quibus
440 597 521 644 annuis
531 612 612 656 urcem,
651 601 701 648 250

31 661 131 710 Navibus
143 660 284 725 (infandum)
296 662 390 717 amissis,
403 663 471 708 unius
482 663 511 709 ob
522 663 577 709 irum

33 726 157 783 Prodimur,
169 735 236 787 atque
247 725 314 774 Italis
324 728 395 790 longe
405 728 556 790 disjungimur
567 729 620 776 orie.

33 792 78 839 Hic
88 792 179 854 pietatis
189 791 280 840 bonosi
297 793 329 840 sie
340 792 417 840 nonin
429 799 518 854 sceptra
529 793 636 854 reponis?

62 857 108 906 Olli
119 856 237 923 subridens
247 858 364 905 hominum
373 864 435 905 sator
445 865 513 918 atque
523 857 618 906 deorum

34 922 110 977 Vultu,
122 939 168 984 quo
179 923 263 970 melum
274 928 467 985 tempestatesque
477 931 572 977 serenat,

35 988 115 1036 Oscula
125 989 202 1035 libavit
213 995 273 1034 natae
279 1005 288 1045 ς
305 989 386 1035 debinc
397 989 450 1034 telin
460 987 533 1034 futur:

14 1084 16 1095 .
35 1052 102 1102 Parce
112 1053 182 1108 metii,
195 1051 324 1114 Cytheren
341 1061 435 1100 manent
446 1054 539 1100 immota
550 1060 641 1102 tuorum

36 1117 90 1166 Feta
96 1119 135 1166 tibi
141 1136 150 1177 ;
167 1133 247 1166 cemes
255 1120 332 1166 urbem
343 1126 367 1166 et
377 1119 488 1180 promissa
499 1117 581 1166 Lavini

37 1182 127 1239 Moenia,
139 1185 302 1245 sublimemque
311 1183 372 1231 feres
382 1183 410 1231 tul
421 1183 494 1230 sidera
505 1183 557 1230 coeli
653 1185 703 1232 259

38 1247 206 1312 Magnanimum
218 1249 325 1306 AEnesn;
342 1263 416 1308 neque
427 1264 465 1296 rue
476 1248 587 1296 sententia
596 1249 673 1295 vertit.

39 1312 82 1360 Hie
93 1316 143 1376 (tibi
152 1313 217 1361 febor
227 1314 295 1368 enim,
307 1314 397 1374 quando
408 1314 458 1361 baee
469 1320 492 1360 te
503 1329 557 1361 cura
568 1314 686 1370 remordet,

39 1377 137 1442 lougius
147 1386 172 1426 et
181 1379 278 1426 volvens
288 1379 387 1426 fatorum
398 1394 480 1426 arcana
490 1377 597 1440 movebo)

40 1442 122 1494 Bellum
133 1445 215 1508 ingens
225 1451 292 1507 geret
302 1441 375 1499 Iulii,
387 1445 527 1508 populosque
536 1443 625 1494 seroces

42 1508 179 1568 Contundet;
195 1526 317 1571 moresque
327 1511 381 1558 viria
392 1518 416 1558 et
426 1513 512 1559 moenia
521 1520 606 1573 ponet;

41 1572 112 1624 Tertia
121 1578 175 1624 dum
187 1575 256 1623 Latio
268 1583 400 1638 regnantem
411 1576 494 1624 viderit
505 1584 579 1630 aestas,

42 1637 153 1702 Tereaque
162 1642 295 1689 transierint
305 1640 397 1689 Rutulis
408 1642 501 1689 hiberna
511 1642 619 1690 subactis.

43 1703 132 1768 Atpuer
142 1707 265 1761 Ascanius,
277 1707 314 1753 oui
325 1722 386 1753 nunc
397 1722 526 1769 cognomen
538 1704 590 1753 Iulo

44 1765 150 1831 [Amne
162 1769 225 1835 (Ilus
236 1777 291 1825 eret
303 1771 355 1818 dum
367 1788 403 1819 ren
414 1774 477 1820 stetit
489 1770 532 1818 Ilia
543 1767 642 1834 regno)]

44 1832 139 1898 Triginta
148 1851 247 1899 magnos
257 1837 376 1885 volvendis
387 1838 503 1884 mensibus
514 1837 579 1883 orbes

45 1896 133 1962 Imperio
143 1902 249 1964 explebit,
261 1917 403 1964 regnumque
413 1903 442 1948 ab
453 1901 506 1948 reue
518 1899 602 1948 Lavini
657 1900 707 1950 2⁷0

45 1961 171 2022 Transieret,
183 1975 207 2015 et
220 1966 327 2030 Longam
338 1965 410 2014 multi
420 1967 444 2014 vi
455 1966 543 2013 muniet
550 1965 640 2014 Album.

46 2026 138 2094 Hujim
149 2040 288 2080 tercentum
300 2040 361 2079 totos
372 2033 503 2095 regnabitur
513 2046 586 2079 ennon

46 2095 113 2145 Gente
122 2099 164 2145 rub
175 2096 309 2156 Hectoret3
325 2098 398 2145 donee
408 2097 488 2159 regina
499 2098 609 2153 sacerdos,

46 2157 113 2209 Morte
122 2164 205 2226 gravis,
217 2164 332 2225 geminam
343 2170 408 2226 purtu
419 2163 481 2210 debit
491 2160 535 2210 llis
545 2164 638 2226 prolem.

47 2221 95 2274 lule
104 2227 163 2290 lupae
172 2227 238 2276 fulvo
249 2229 343 2276 nutricis
353 2230 456 2291 tegmine
465 2228 532 2278 laetua

47 2286 148 2340 Romulus
158 2294 257 2355 excipiet
266 2300 366 2356 gustem
377 2300 402 2341 et
413 2293 530 2342 Mavortia
539 2295 622 2343 condet

48 2351 131 2414 Meru‘a,
143 2357 308 2420 Romanosque
318 2374 360 2407 suo
370 2359 399 2407 de
410 2360 579 2408 commences
668 2385 670 2390 t

49 2417 87 2467 llis
96 2437 138 2485 ego
148 2439 191 2472 neo
202 2432 275 2472 metes
286 2440 361 2472 rerum
372 2440 415 2472 nee
425 2433 528 2488 tempora
537 2439 612 2486 pono;

49 2480 160 2547 imperium
171 2489 220 2538 eine
229 2488 276 2538 fine
286 2489 345 2537 (ledi.
378 2489 442 2544 Quin
453 2505 533 2552 aspera
542 2488 614 2537 Juno.

51 2547 102 2604 Qua
110 2569 172 2602 mare
182 2570 244 2604 nuno
255 2563 370 2616 tenusque
380 2561 444 2601 metu
452 2554 584 2610 coelumque
593 2545 681 2608 fatigat,

51 2610 140 2666 Corum
149 2621 174 2666 in
184 2621 266 2667 melius
277 2619 366 2674 referet,
378 2631 513 2676 mecumque
522 2611 608 2659 fovebit
661 2608 707 2653 281

52 2675 646 2787 stuntnoerermndoninuvewtemffwwm
704 2698 719 2732 ·.
