1709 2925
274 97 439 148 AENEIDOS
455 98 509 150 Lrs
516 100 548 150 V.
694 106 740 150 201

53 230 143 279 Pone
153 235 227 293 eaput,
237 227 355 290 fessosque
365 230 442 278 oculos
452 230 527 279 furare
537 231 614 279 laborl.

54 296 131 359 Ipse
140 311 185 358 ego
195 294 309 356 paulisper
318 310 360 356 pro
370 303 394 341 te
403 303 442 342 tua
452 310 546 343 munera
555 296 623 343 inibo.

57 360 123 410 cui
132 362 172 407 vix
182 360 289 406 attollens
300 359 420 406 Palinurus
429 361 515 407 lumina
524 360 597 408 latur:

59 425 150 473 Mene
160 425 215 471 salis
224 424 304 487 plneidi
315 424 402 490 vultum
414 424 539 486 fluctusque
549 427 636 487 quietos

60 489 187 550 Ignorare
193 488 277 552 jubes?
293 503 359 535 mene
370 491 422 535 huic
433 490 544 536 confidere
554 487 674 538 monstro?

63 555 169 603 AEuean
180 554 271 600 credam
282 554 335 613 quid
345 554 405 600 enim
415 553 530 602 fallacibus
541 555 638 614 Austris,
694 555 744 603 850

66 619 112 668 Et
121 619 173 666 coeli
184 618 253 668 toties
264 619 369 678 deceptus
378 617 456 679 fraude
466 618 556 666 sereni?

67 683 144 731 Talia
153 684 216 731 diota
226 683 297 738 dabat,
309 682 441 743 clavumque
451 684 532 730 affixus
542 690 565 729 et
575 684 663 731 haerens

68 747 199 809 Nusquam
211 747 332 801 amittebat,
344 748 465 808 oculosque
476 749 517 794 sub
527 756 586 794 astra
596 750 691 797 tenebat.

71 813 141 862 Ecce
152 811 221 859 Deus
231 827 316 858 ramum
329 810 424 858 Iaethaeo
437 827 487 859 rore
497 812 631 870 madentem,

73 877 156 938 vique
165 883 295 938 soporatum
307 874 397 937 stygia,
408 892 475 939 super
484 884 578 939 utraque
587 884 678 938 quassat
744 895 746 900 ‘

74 941 194 1004 Tempora
200 958 209 998 ;
226 942 383 1001 cunctantique
393 942 493 987 natantia
502 942 588 989 lumina
598 942 672 989 solvit.

75 1006 126 1053 Vix
137 1007 224 1069 primos
234 1006 324 1067 inopina
334 1006 397 1066 quiea
406 1006 521 1053 laxaverat
530 1014 606 1063 artus3

78 1070 113 1120 Et
124 1087 193 1133 super
203 1071 341 1124 incumbens.
351 1086 404 1116 oum
415 1072 495 1133 puppis
505 1080 567 1134 parte
577 1068 672 1125 revulsa

79 1135 187 1197 Cumque
196 1135 340 1196 gubernaclo,
350 1135 445 1195 liquidas
455 1137 549 1197 projecit
558 1138 581 1183 in
592 1137 664 1184 undas
695 1137 758 1185 859·
810 1167 814 1172 v

80 1201 235 1261 Praecipitem,
246 1215 272 1246 ae
283 1200 356 1246 socios
366 1201 515 1261 nequidquam
526 1217 586 1263 saepe
596 1207 723 1249 vocantem.

78 1265 133 1328 Ipse
144 1265 226 1312 volans
237 1271 316 1311 tenues
327 1280 352 1312 se
361 1265 452 1311 sustulit
462 1265 508 1311 ales
519 1266 545 1312 nd
556 1281 628 1313 auras.

80 1329 160 1380 Currit
170 1330 215 1376 iter
225 1336 297 1377 tutum
310 1344 354 1378 non
366 1330 439 1376 secius
450 1345 540 1390 aequore
550 1330 634 1386 elassis,

77 1395 248 1454 Promissisque
258 1395 326 1455 patris
337 1392 439 1455 Neptuni
449 1395 550 1442 interrita
559 1395 636 1443 fertur.

77 1460 179 1522 Jamque
190 1460 246 1506 adeo
258 1458 360 1521 scopulos
372 1459 475 1506 Sirenum
486 1460 578 1509 advecta
589 1461 682 1515 subibat,

78 1525 194 1574 Difficiles
205 1525 324 1584 quondum,
336 1524 502 1586 multorumque
512 1528 598 1573 ossibus
609 1527 686 1583 albos3

78 1590 141 1643 Tum
155 1604 223 1637 rauca
233 1589 322 1636 assiduo
330 1589 398 1651 longe
409 1590 455 1636 sale
466 1605 520 1638 saxa
530 1592 651 1649 sonabant3

79 1653 142 1710 Cum
154 1661 217 1717 peter
227 1653 310 1700 amisso
320 1652 444 1700 fluitantem
456 1670 529 1702 errare
539 1656 648 1716 magistro

80 1720 166 1772 Sensit.
177 1718 259 1779 etipse
270 1724 339 1763 ratem
352 1720 466 1765 nocturnis
477 1720 534 1765 rexit
544 1720 567 1765 in
579 1719 652 1773 undis,

73 1784 160 1833 'Multa
169 1797 272 1844 gemens,
283 1797 379 1842 casuque
389 1783 489 1829 animum
500 1798 623 1830 concussus
632 1780 705 1830 amici.

80 1849 104 1896 0
115 1848 211 1895 nimium
222 1847 282 1894 ooelo
292 1854 316 1893 et
326 1847 406 1910 pelago
416 1847 502 1894 confise
513 1861 599 1900 sereno,
700 1847 761 1895 870.

21 1933 32 1947 ·
80 1912 167 1983 nudus
175 1913 201 1965 in
212 1909 296 1977 ignoti,
308 1910 420 1970 Palinure,
425 1912 514 1977 jaeebis
524 1909 606 1963 arent!
