1709 2925
234 107 400 158 AENEIDOS
416 107 470 157 era
482 107 504 158 Ι.
672 118 705 162 99

35 236 92 286 Euo
102 247 186 302 septem
198 238 285 287 AEnees
296 239 397 287 collectis
407 240 502 287 natibus
512 242 574 287 omni
658 245 706 291 170

40 302 77 349 Ex
87 320 177 352 numero
189 305 263 351 subit:
282 320 315 361 ac,
327 320 412 365 magno
424 304 510 352 telluris
520 321 598 354 amore

41 367 136 430 Egressi,
147 369 223 432 optati
233 370 351 433 potiuntur
361 368 436 416 Troes
447 369 521 426 areni,

41 431 73 483 Et
81 436 124 482 sele
135 437 237 483 tabentes
247 443 310 482 artus
320 436 344 481 in
355 434 421 482 litore
431 445 526 497 ponuut.

41 499 75 545 Ac
84 502 176 563 primum
188 502 243 548 silici
255 501 376 548 scintillam
386 501 478 548 excudit
489 502 595 558 Achates,

41 563 180 628 Suscepitque
190 568 267 628 ignem
278 566 345 621 soliis,
356 573 424 627 etque
435 565 496 613 arido
506 568 590 613 circum

41 628 180 678 Nutrimento
190 632 257 686 dedit,
270 632 387 694 rapuitque
397 632 421 677 in
432 631 512 678 fomite
523 631 644 680 flammam.

41 692 96 741 Tum
108 695 213 745 Cererem
225 705 352 759 corruptum
365 697 431 743 undis
442 695 589 757 Cerealiaque
599 714 662 746 uma

41 758 165 822 Expediunt
174 761 228 809 sessi
239 778 314 809 rerum
323 779 331 818 ;
348 761 472 823 frugesque
483 771 583 822 receptes

40 822 72 872 Et
82 833 162 873 tortere
172 835 251 889 parent
261 826 365 881 flammis,
377 838 400 872 et
410 826 518 888 frangere
528 842 590 873 saxo.
657 831 705 878 179

71 889 153 938 AEoeas
164 892 280 953 scopulum
292 894 378 939 interes
389 892 528 947 conscendit,
540 900 563 938 et
574 906 665 939 omnem

44 952 184 1017 Prospectum
196 958 240 1004 late
252 958 332 1019 pelago
372 957 400 1010 tit
407 974 415 1015 ;
434 957 526 1004 Anthea
537 959 555 1003 si
567 973 635 1018 quern

42 1017 149 1067 lactatum
161 1030 229 1069 vento
240 1023 322 1077 videat,
336 972 495 1085 ddrygiasque
505 1022 607 1077 biremes,

42 1084 86 1133 sut
97 1084 181 1148 Capyn,
193 1095 232 1134 aut
242 1087 309 1134 celsis
320 1087 343 1133 iu
354 1088 465 1150 puppibus
476 1102 537 1134 erma
549 1087 622 1137 Caici.

42 1146 123 1197 Novem
134 1154 158 1198 in
169 1160 292 1214 conspectu
304 1152 404 1210 nullam3
421 1159 468 1199 tres
478 1152 544 1199 litore
555 1169 635 1200 cervos

41 1212 145 1278 Prospicit
155 1225 255 1265 errantes
265 1234 273 1274 ;
289 1219 331 1264 bos
342 1225 391 1265 tote
400 1224 502 1264 armentu
512 1227 637 1278 sequuntur

42 1280 63 1325 A
73 1290 139 1344 tergo,
150 1291 174 1330 et
182 1284 279 1345 longum
290 1298 330 1344 per
342 1282 411 1330 valles
421 1284 521 1344 poscitur
530 1297 620 1346 agmen.

44 1343 143 1395 Constitit
153 1349 195 1403 hio,
207 1364 330 1409 arcumque
340 1362 409 1394 manu
419 1348 549 1409 celeresque
559 1350 654 1413 sagittas

44 1407 161 1475 Corripuit;
177 1413 237 1462 fidus
247 1429 300 1476 quee
311 1410 356 1460 tela
366 1414 459 1476 gerebat
469 1414 582 1462 Achates:

43 1474 191 1542 Ductoresque
200 1480 264 1544 ipsos
275 1480 382 1543 primum,
393 1481 467 1541 cupito
477 1481 522 1528 ulte
532 1481 631 1529 serentes
656 1484 705 1531 189

44 1539 145 1592 Cornibus
155 1546 261 1601 arboreis,
272 1546 369 1604 stemit;
385 1551 433 1592 tum
444 1545 528 1608 vulgus
534 1563 542 1605 ;
560 1555 583 1594 et
594 1561 686 1595 omnem

43 1605 118 1656 Miscet
128 1626 197 1673 agens
208 1611 260 1658 telis
271 1625 364 1658 nemore
374 1611 434 1657 inter
444 1610 537 1659 frondes
549 1613 644 1659 turbam.

44 1670 88 1720 Nec
97 1676 155 1736 prius
165 1678 260 1732 obsistit,
272 1691 339 1738 quem
351 1683 437 1739 septem
450 1677 551 1738 ingentio
560 1678 635 1724 victor

44 1734 134 1802 Corpore
149 1741 229 1790 fundat
254 1743 323 1799 humi,
346 1749 370 1788 et
391 1757 511 1789 numerum
536 1756 588 1789 cum
611 1741 706 1790 navibus

127 1815 208 1868 aequet.

45 1866 99 1916 Hinc
108 1883 196 1933 portum
207 1873 271 1935 petit,
284 1878 307 1919 et
318 1873 392 1919 socios
399 1872 497 1934 partitur
507 1871 531 1917 in
542 1884 630 1917 omnes.

44 1930 96 1981 Vino
105 1937 173 1984 bonus
184 1953 237 1999 quae
249 1938 329 1985 deinde
340 1938 402 1985 codis
413 1934 519 1985 onerdrat
530 1934 628 1983 Acestes

43 1995 112 2047 Litore
121 2001 239 2050 Trinacrio
250 2002 386 2064 dederatque
395 2001 528 2049 obeuntibus
539 2002 613 2058 heros,

43 2061 127 2122 Dividit,
135 2075 157 2115 et
168 2069 235 2115 dictis
246 2068 366 2115 moereutis
375 2075 469 2128 pectora
479 2066 579 2113 mulcet:

43 2127 62 2174 0
71 2132 118 2178 socii
127 2132 132 2181 !
145 2135 231 2197 (neque
242 2135 302 2180 enim
314 2134 389 2196 ignari
399 2147 477 2179 sumus
488 2140 541 2179 onte
551 2132 674 2197 malorum)

44 2193 123 2257 Oparsi
133 2198 254 2260 graviora!
274 2199 334 2246 dabit
345 2196 412 2245 Deus
422 2199 459 2244 bis
469 2213 559 2260 quoque
569 2196 646 2248 finem.

44 2256 84 2307 Vos
93 2269 114 2309 et
124 2264 245 2326 Scyllaeam
257 2265 340 2311 rabiem
351 2264 485 2326 penitusque
495 2272 602 2312 sonantes
654 2268 704 2312 200

44 2323 136 2375 decenis
144 2330 264 2391 scopulos:
283 2344 326 2376 vos
338 2337 361 2375 et
373 2326 484 2391 Cyclopia
495 2344 550 2376 sm

43 2386 131 2454 Ruperti.
163 2395 282 2442 Revocate
292 2394 386 2449 animos,
398 2403 551 2455 moestumque
561 2395 666 2440 timorem

44 2453 125 2506 Mittite·
157 2458 247 2507 Forsan
258 2466 282 2506 et
292 2461 341 2507 hec
352 2460 405 2508 olim
418 2460 548 2506 meminisse
553 2457 650 2519 juvebit.

45 2518 80 2569 Per
88 2525 158 2572 varios
169 2541 243 2580 casus,
255 2540 295 2588 per
305 2531 341 2571 tot
351 2525 481 2571 discrimine
491 2536 573 2573 rerum,

44 2583 153 2637 Tendimus
162 2592 187 2636 in
199 2589 300 2645 Latium,
312 2590 377 2636 sedes
388 2589 425 2635 ubi
436 2588 483 2633 fata
494 2586 582 2644 quietas

43 2650 170 2706 Oscudunt:
189 2655 237 2704 illic
247 2654 282 2703 sas
292 2668 365 2717 reguo
374 2664 494 2712 resurgere
504 2645 591 2706 T¹⁰l²·
