1709 2925
144 118 192 163 roo
344 108 509 162 musicos
526 96 611 161 nur.

145 244 242 300 Durate,
254 251 277 291 et
286 250 376 290 vosmet
386 245 452 291 rebus
463 252 551 291 servate
562 244 675 292 oecundis.
841 290 842 293 ,

178 309 244 357 Tnlia
255 324 311 356 voce
321 308 406 366 refert3
423 310 527 370 curisque
538 310 670 372 ingentibus
680 324 751 372 aeger

147 375 216 437 Spem
227 374 291 422 vultu
302 375 398 429 simulat,
409 375 491 437 premit
501 375 571 420 altum
582 375 652 422 corde
662 375 774 422 dolorem.

147 439 185 487 lili
197 455 221 486 se
232 439 314 502 praedae
325 440 447 502 accingunt
458 440 593 501 dapibusque
603 439 702 487 suturis:
774 439 820 483 210

149 505 253 567 Tergora
261 505 376 567 deripiunt
387 506 461 558 costis,
475 513 498 551 et
508 506 597 551 viscera
606 505 711 562 uudant;

146 570 205 619 Pars
215 571 239 616 in
249 569 320 617 frusta
331 577 413 623 secant,
425 571 567 630 verubusque
578 572 699 616 trementia
709 569 800 632 figunt:

148 635 228 682 Litore
239 635 294 681 abne
303 635 379 682 locant
390 635 433 689 alii,
445 634 591 696 flammasque
602 635 749 691 ministrant;

149 699 210 747 Tum
222 701 284 747 victu
296 709 401 747 revocent
413 700 488 757 vires;
505 699 594 761 fusique
604 715 645 762 per
654 701 750 746 herbum

148 763 276 828 Implentur
286 767 368 813 veteris
378 764 464 812 Bacchi
474 765 609 827 pinguisque
619 765 707 812 ferinae.

149 829 272 893 Postquam
283 838 373 877 exemta
382 829 454 876 sames
464 830 543 892 epulis,
554 845 685 891 mensaeque
696 834 796 881 remotae,

149 896 254 944 Amissus
263 896 333 958 longo
345 896 418 942 socios
429 910 533 941 sermone
544 896 674 956 requiruut;

150 962 264 1024 Spemque
275 969 405 1021 metumque
414 961 474 1007 inter
479 961 553 1016 dubii,
565 976 605 1006 seu
615 960 694 1006 vivere
704 959 804 1010 credant,

150 1026 204 1074 Sive
216 1034 316 1072 extrema
326 1026 379 1086 pati,
392 1026 489 1088 necjam
501 1025 608 1071 exaudire
617 1033 720 1073 vocatus.

150 1090 269 1153 Praecipue
278 1091 328 1152 pius
340 1090 433 1146 AEneas,
445 1106 506 1137 nunc
516 1091 574 1136 acris
586 1090 688 1146 Orontei,
773 1087 818 1133 220

149 1157 220 1204 Nunc
232 1155 316 1217 Amyci
327 1171 404 1202 casum
415 1156 493 1216 gemit,
505 1163 529 1202 et
539 1156 637 1202 crudelia
647 1169 725 1201 secum

149 1221 209 1270 Fata
219 1220 285 1283 Lyci,
296 1220 423 1282 fortemque
434 1221 510 1281 Gyan,
521 1219 646 1281 sortemque
658 1219 804 1268 Cloanthum.

182 1286 216 1349 Et
222 1289 271 1351 jem
282 1285 333 1334 linis
343 1295 407 1343 erat3
425 1300 477 1331 cum
487 1284 584 1348 Jupiter,
596 1286 680 1332 aethere
691 1299 780 1331 summo

150 1351 289 1417 Despicieus
300 1367 362 1398 mare
372 1350 502 1406 velivolum,
514 1358 629 1411 terrasque
635 1352 746 1413 jacentes,

150 1417 284 1479 Litoraque,
295 1423 319 1465 et
328 1417 386 1465 letos
396 1417 499 1480 populos,
511 1417 544 1462 sic
554 1417 641 1462 vertice
650 1415 703 1462 coeii

152 1481 270 1537 constitit,
282 1489 306 1529 et
316 1481 397 1544 Libyae
408 1481 486 1529 defixit
496 1482 582 1528 lumina
592 1482 678 1544 reguis.

151 1549 232 1610 Atque
241 1548 304 1594 illum
315 1548 372 1595 tales
377 1550 502 1611 jactantem
512 1554 604 1609 pectme
614 1561 680 1593 curas

151 1613 256 1669 Tristior,
268 1622 291 1660 et
302 1613 406 1674 lacrymis
417 1614 496 1659 oculos
507 1611 592 1659 suffusa
602 1612 709 1668 nitentes,

151 1680 283 1740 Alloquitur
294 1677 390 1725 Venus:
405 1678 474 1739 Oqui
487 1694 523 1725 res
534 1679 695 1739 bominumque
706 1673 814 1735 deumque

152 1745 257 1794 AEternis
268 1744 328 1807 regis
338 1744 445 1806 imperiis,
454 1750 478 1790 et
488 1742 582 1790 fulmine
593 1742 678 1790 terres!
775 1739 820 1785 23⁰

127 1807 129 1813 ⁸
154 1812 218 1867 Quid
228 1826 292 1857 meua
304 1809 391 1857 AEneas
402 1810 425 1855 in
438 1816 461 1856 te
472 1809 615 1855 committere
625 1815 721 1862 tautum,

153 1877 217 1931 Quid
227 1876 301 1923 Troes
341 1871 422 1922 tuine?
439 1873 525 1935 quibus,
537 1881 572 1920 tot
581 1872 662 1920 funera
671 1872 752 1934 passis,

154 1940 258 1990 Cunctas
269 1942 298 1989 ob
323 1942 398 1988 taliam
409 1946 519 1987 terrerum
530 1938 640 1985 clauditur
650 1936 730 1985 orbis?

154 2005 227 2054 Certe
237 2006 289 2052 hinc
300 2006 419 2053 Romanos
431 2004 491 2059 olim,
503 2004 646 2051 volventibus
657 2003 730 2057 annis,

153 2069 219 2117 Hinc
229 2069 278 2117 sore
289 2070 401 2125 ductores,
412 2075 519 2117 revocato
530 2084 544 2115 a
554 2068 665 2130 sanguine
674 2066 766 2122 Teucri,

154 2135 202 2189 Qui
213 2150 281 2189 mare,
293 2136 330 2196 qui
342 2142 419 2191 terras,
433 2134 495 2182 omui
506 2134 591 2180 ditione
602 2140 713 2188 tenerent,

155 2198 281 2247 Pollicitus.
315 2200 376 2255 Quae
386 2206 419 2257 te,
431 2200 535 2255 Genitor,
548 2199 660 2246 sententia
670 2196 757 2244 vertiti

156 2263 211 2313 Hoc
223 2263 326 2325 equidem
337 2277 442 2311 occasum
453 2266 531 2327 Trojae
541 2266 663 2324 tristesque
672 2264 751 2310 ruinas

156 2329 257 2385 Solaber,
269 2327 322 2375 satis
332 2331 443 2376 contraria
453 2328 500 2376 fata
511 2329 643 2392 rependens.

155 2394 229 2444 Nunc
238 2393 316 2441 eadem
326 2392 418 2441 fortuna
428 2396 491 2440 viros
502 2400 537 2440 tot
547 2394 635 2441 casibus
644 2401 709 2439 actos
778 2388 819 2435 940

156 2459 296 2519 Insequitur.
315 2458 392 2511 Quem
404 2459 444 2504 das
454 2457 530 2513 finem,
542 2458 597 2505 Rex
607 2473 697 2519 magne,
708 2448 817 2503 laborum?

157 2524 263 2571 Antenor
273 2523 354 2585 potuit,
365 2521 445 2568 mediis
456 2524 545 2585 elapsus
555 2523 659 2577 Achivis,

157 2585 263 2646 Illyricos
273 2594 391 2648 penetrare
402 2587 465 2632 sinus
476 2595 544 2648 atque
554 2587 635 2633 intima
644 2593 708 2632 tutus

157 2648 243 2713 Regna
253 2649 415 2707 liburnorum,
424 2657 449 2698 et
458 2650 546 2700 sontem
557 2666 663 2714 superare
673 2649 779 2705 Timavi5
