1709 2925
56 117 105 165 198
251 106 416 160 AENEIDOS
431 105 486 156 lar.
495 106 531 159 V.

58 234 164 283 Infernas
173 230 255 280 accede
266 231 352 285 domos,
363 238 387 277 et
397 229 491 277 Averna
501 245 541 293 per
552 230 598 278 alta

60 300 272 362 Congressuspete,
280 302 342 352 nate,
351 310 421 342 meos.
444 295 500 342 Nou
507 312 546 342 me
555 295 622 358 impis
628 310 806 362 namque

59 365 154 413 Tartara
166 363 253 415 habent,
264 361 341 406 tristes
352 360 451 416 umbrae3
469 361 509 407 sed
519 376 610 408 amoena
619 363 768 424 piorum

61 428 164 479 concilia
175 426 324 487 Elysiumque
335 426 392 472 colo.
420 423 476 472 Huc
487 433 549 471 casta
559 426 651 487 Sibylla

60 494 184 556 Nigrarum
195 490 267 536 multo
277 489 388 551 pecudum
398 497 422 538 te
432 490 542 551 sanguine
553 490 628 538 ducet.

60 557 121 606 Tum
129 572 202 620 genus
210 570 277 602 omne
286 564 356 608 tuum,
363 561 393 609 et,
402 570 453 615 quae
460 555 542 600 dentur
549 557 782 611 moenmdigoeg

61 622 158 683 Jamque
168 621 225 669 vale.
252 618 355 679 Torquet
364 620 450 665 medios
462 618 518 665 Nox
530 620 623 667 humida
633 637 753 671 cursus
761 642 777 683 3

60 687 96 736 Et
106 703 143 735 me
154 702 228 736 saevus
238 684 302 746 equis
313 683 396 731 Oriens
404 684 491 731 afflavit
499 683 595 730 anhelis.

62 753 174 801 Dixerat:
194 759 217 798 et
226 756 306 796 tenues
316 748 384 811 fugit,
395 764 437 795 ceu
447 747 529 802 fumus,
541 749 564 794 in
574 764 651 797 auras.
689 755 771 801 740

62 818 159 872 AEneas,
171 816 225 871 Quo
235 815 315 861 deinde
326 812 389 861 ruis?
405 829 450 875 quo
460 813 572 875 proripis?
588 815 676 875 inquit:

64 884 141 938 Quem
151 880 229 943 sugis?
244 886 285 926 aut
295 879 344 938 quis
356 886 379 925 te
389 880 473 925 nostris
486 878 641 939 complexibus
649 881 761 928 arcet?

64 947 127 995 Haec
137 960 264 993 memorans
274 944 371 990 cinerem
383 953 406 990 et
417 944 502 1005 sopitos
512 944 605 1006 suscitat
614 944 700 1005 ignes3

64 1012 260 1074 Pergameumque
271 1007 361 1063 Larem,
374 1016 397 1055 et
407 1023 470 1054 canae
481 1007 603 1069 penetralia
613 1007 700 1066 Vestae,

65 1076 136 1125 Ferre
145 1076 184 1137 pio
195 1080 218 1120 et
228 1072 295 1136 plenia
302 1074 399 1135 supplex
408 1080 529 1119 veneratur
539 1071 624 1119 acerrd.

98 1140 222 1201 Extemplo
233 1140 306 1186 socios
316 1139 457 1199 primumque
468 1138 560 1184 arcessit
570 1138 680 1195 Acesten,

66 1205 100 1258 Et
109 1204 176 1255 lovis
187 1205 303 1266 imperium
314 1210 337 1249 et
348 1203 393 1249 cari
404 1210 516 1264 praecepta
526 1203 625 1263 parentis

64 1270 162 1325 Educet,
174 1276 197 1316 et
207 1285 258 1330 quae
269 1284 329 1314 nunc
338 1269 414 1315 auimo
426 1267 536 1314 sententia
546 1275 643 1314 constet.

68 1335 139 1384 Haud
149 1350 213 1381 mora
223 1333 336 1390 consiliis3
351 1348 395 1379 nec
400 1334 465 1395 jussa
476 1339 564 1378 recusat
575 1331 679 1386 Acestes.

60 1395 230 1448 Transcribunt
241 1398 288 1444 urbi
299 1404 388 1452 matres,
399 1397 551 1459 populumque
561 1397 676 1445 volentem

69 1465 201 1528 Deponunt,
214 1464 300 1511 animos
312 1464 343 1509 nil
353 1478 443 1525 magnae
454 1462 525 1509 laudis
536 1471 638 1525 egentes.
686 1467 727 1513 751

69 1530 117 1593 Ipsi
128 1537 225 1576 transtra
236 1535 327 1581 novant,
339 1527 480 1588 flammisque
487 1529 580 1574 ambesa
590 1537 701 1590 reponunt

69 1595 162 1644 Robora
173 1593 268 1656 navigiis
274 1610 282 1651 ;
299 1600 377 1654 aptant
387 1608 505 1653 remosque
516 1592 680 1655 rudentesque;

70 1660 157 1724 Exigui
168 1674 269 1715 numero,
281 1658 320 1704 sed
329 1658 388 1704 bello
399 1658 475 1705 vivida
484 1658 563 1703 virtus.

68 1724 162 1773 Interea
170 1724 259 1771 AEneas
270 1724 347 1770 urbem
358 1723 462 1784 designat
472 1729 556 1779 παίω,

72 1792 214 1851 sortitusque
225 1790 310 1844 domos,
322 1790 365 1835 boc
376 1786 451 1841 Ilium,
463 1794 486 1832 et
496 1788 545 1833 haec
555 1786 608 1834 loca
617 1787 709 1852 Trojffla

71 1855 133 1905 Esse
139 1857 211 1920 jubet.
239 1855 330 1902 Gaudet
341 1866 411 1916 regno
422 1851 534 1914 Trojanus
546 1852 651 1909 Acestes,

71 1919 199 1982 Indicitque
209 1919 289 1974 forum,
301 1925 324 1965 et
334 1917 433 1980 patribus
443 1916 481 1964 dat
486 1918 540 1979 jura
549 1918 645 1964 vocatis.

68 1982 134 2031 'Turn
145 1985 219 2030 vicina
229 1986 296 2031 astris
307 1983 409 2043 Erycino
419 1983 444 2029 in
454 1982 539 2029 vertice
548 1982 615 2029 sedes

72 2047 190 2097 Fundetur
201 2047 288 2096 Veneri
299 2047 383 2101 Idaliae,
395 2047 526 2106 tumuloque
534 2047 642 2095 sacerdos
691 2051 737 2096 7oe

73 2113 110 2160 Ac
120 2113 185 2158 lucus
195 2112 241 2159 late
252 2128 314 2159 sacer
324 2113 412 2160 additur
421 2113 544 2158 Anchiseo.

73 2175 171 2237 Jamque
180 2177 229 2223 dies
240 2178 329 2239 epulata
340 2192 422 2225 novem
433 2192 491 2238 gens
501 2177 582 2230 omnis,
593 2183 618 2223 et
628 2178 673 2224 aris

73 2240 159 2289 Factus
169 2242 256 2288 bonos:
267 2238 355 2303 'placidi
366 2248 495 2289 straverunt
506 2256 596 2302 aequora
606 2243 677 2297 venti,

74 2305 160 2355 Creber
171 2313 194 2352 et
204 2305 319 2368 adspirans
329 2322 407 2354 rursus
417 2314 485 2353 vocat
494 2305 581 2353 Auster
590 2306 615 2352 in
625 2306 702 2354 altum.

73 2370 185 2420 Exoritur
194 2386 305 2433 procurva
315 2372 397 2433 ingens
406 2387 447 2434 per
456 2372 522 2418 litora
532 2370 615 2428 fletus3

77 2435 196 2498 complexi
207 2436 265 2482 inter
277 2451 301 2481 ee
311 2444 445 2497 noctemque
456 2437 560 2497 diemque
570 2443 694 2484 morantur.

75 2499 137 2561 Ipsae
143 2502 191 2564 jam
202 2508 291 2555 matres,
303 2501 352 2562 ipsi,
363 2502 443 2561 quibus
452 2516 530 2562 aspera
540 2501 655 2562 quondam

75 2564 134 2617 Visa
144 2567 212 2612 maris
222 2564 297 2620 facies,
309 2573 332 2612 et
342 2581 388 2612 non
398 2564 513 2613 tolerabile
523 2580 615 2622 nomen,

76 2626 116 2679 Ire
127 2630 212 2687 volunt.
224 2645 360 2691 omnemque
369 2629 433 2693 fugae
443 2629 542 2694 perferre
551 2631 666 2680 laboremz
