1709 2925
152 122 201 169 lte
343 115 507 168 mimos
523 116 576 166 Lu.
587 117 620 166 V.

152 249 229 299 Prona
238 247 294 311 petit
303 248 379 303 maria,
391 257 415 295 et
424 249 505 311 pelago
515 249 614 295 decurrit
623 256 709 310 aperto.

152 315 234 370 Qualis
244 311 348 375 speluncis
358 313 432 360 subito
443 320 556 360 commota
565 315 675 369 columba,

129 418 132 426 .
153 378 198 429 Cui
209 380 288 425 domus
298 386 321 425 et
329 378 407 425 dulces
417 379 528 425 latebroso
538 378 562 424 in
570 379 659 440 pumice
669 380 722 434 nidi.

151 443 234 491 Fertur
243 443 267 489 in
277 457 331 490 arva
341 443 426 497 volans,
438 443 584 504 plausumque
594 445 702 491 exterrita
711 445 794 507 pennis

152 507 202 556 Dat
212 516 272 554 tecto
283 509 397 568 ingentem
407 525 413 554 :
433 522 487 553 mox
497 507 549 554 aiire
559 508 622 569 lapsu
631 509 708 569 quieto

151 571 222 619 Radit
232 574 275 620 iter
283 572 399 633 liquidum,
410 572 494 619 celeres
504 587 577 632 neque
587 582 716 621 commovet
726 575 788 621 alas:

153 638 191 684 Sic
203 637 345 693 Mnestheus,
356 638 389 684 ric
400 637 449 698 ipsa
460 635 517 698 fuga
527 645 588 684 seost
597 637 677 685 ultim
688 638 769 686 Pristis

152 701 255 763 AEquora
261 720 269 759 ;
286 703 320 750 sic
330 701 391 749 illum
401 701 446 748 fert
455 702 551 762 impetus
561 702 609 762 ipse
620 702 742 750 voluntem.

152 766 187 816 Et
196 768 292 829 primum
303 768 326 813 in
337 767 431 827 scopulo
441 766 562 812 luctantem
573 767 657 813 deserit
666 768 713 815 alto
765 770 818 812 ‘m

154 832 285 895 Sergestum
295 832 442 892 brevibusque
452 831 523 885 vadis,
533 830 659 892 frustraque
670 840 789 880 vocantem

152 899 251 953 Auxilia,
262 906 286 945 et
294 896 371 944 fractis
381 897 504 944 discentem
515 911 604 943 currere
615 898 691 943 remis.

153 961 212 1009 Inde
221 964 291 1023 Gyan
302 962 417 1023 ipsumque
426 961 514 1023 ingenti
524 961 585 1007 mole
596 959 736 1009 Chimaeram

154 1026 318 1086 Consequitur:
337 1026 404 1081 cedit,
411 1026 517 1085 quoniam
528 1026 622 1086 spoliata
632 1027 743 1089 magistro
753 1032 794 1074 esi·

154 1093 221 1140 Solus
226 1094 319 1154 jamque
329 1090 378 1152 ipso
388 1097 491 1150 superest
501 1091 523 1136 in
535 1090 580 1137 fine
592 1089 735 1149 Cloanthus3

154 1156 228 1212 erem
240 1156 301 1217 petit,
312 1163 336 1203 et
347 1155 440 1202 summis
450 1154 546 1201 adnixus
556 1155 640 1201 viribus
652 1163 728 1217 urget.

152 1219 215 1267 Tum
226 1235 279 1267 vero
289 1220 414 1281 ingeminat
423 1219 515 1274 clamor.
526 1221 646 1279 cunctique
656 1228 787 1282 sequentem

152 1283 269 1347 Instigant
279 1285 365 1338 studiis,
376 1291 510 1344 resonatque
520 1283 644 1346 fragoribus
656 1286 741 1333 esther.v

153 1349 196 1405 Hi,
207 1350 320 1412 proprium
330 1351 399 1397 decus
410 1357 434 1396 et
444 1357 538 1410 partum,
546 1350 698 1411 indignantur,
709 1351 812 1401 honorem

153 1413 188 1462 Ni
198 1421 304 1471 teneant3
315 1415 427 1476 vitamque
434 1413 515 1460 volunt
524 1429 565 1475 pro
572 1414 638 1460 laude
646 1416 738 1477 pacisci.
770 1417 814 1461 23⁰

153 1479 208 1528 Hos
219 1493 335 1534 successus
345 1479 401 1536 alit3
417 1487 519 1541 possunt,
530 1480 582 1539 quin
591 1495 659 1541 posse
670 1481 782 1529 videntur·
813 1503 815 1510 ¹

152 1543 187 1594 Et
197 1544 245 1592 sors
255 1545 348 1605 sequutis
358 1544 470 1605 cepissent
480 1545 572 1605 praemia
582 1546 668 1600 rostris,

153 1608 194 1665 NJ,
204 1609 290 1672 polmus
299 1615 369 1671 ponto
380 1609 475 1656 tendens
485 1615 595 1670 utrmque,
608 1607 736 1657 Cloanthus

153 1673 302 1735 Fudissetque
312 1688 396 1735 preces.
407 1673 515 1733 divosque
526 1674 550 1720 in
559 1681 613 1721 vota
624 1672 741 1722 iecissem

153 1739 195 1797 Di,
212 1740 291 1802 quibus
312 1738 432 1800 imperium
453 1747 489 1785 est
510 1738 591 1800 pelugi,
610 1754 707 1800 quorum
729 1749 815 1801 equore

191 1837 193 1840 -
251 1820 325 1863 curro,

153 1870 226 1919 Vobis
237 1871 303 1917 laetus
313 1884 358 1931 ego
368 1869 412 1915 hoo
421 1866 555 1915 candentem
563 1868 587 1914 in
598 1867 665 1915 litore
676 1876 766 1916 numm

153 1933 297 1985 constituam
308 1941 361 1981 unte
371 1948 427 1987 aras,
438 1933 486 1979 voti
497 1947 555 1986 reus,
565 1939 663 1992 extaque
673 1935 747 1982 salsos

153 1998 278 2048 Porriciam
288 2000 312 2045 in
323 1998 411 2051 fluctus,
422 2005 447 2042 ct
457 1997 509 2044 vina
519 1997 627 2057 liquentia
636 1997 738 2046 fundam.

153 2062 236 2119 Dixit3
253 2077 350 2122 eumque
360 2062 411 2108 imis
422 2061 464 2108 suh
474 2060 578 2108 ductibus
589 2062 659 2108 audiit
670 2065 746 2111 omnis

153 2125 281 2173 Nereidum
293 2126 419 2187 Phorcique
429 2126 518 2178 chorus,
528 2124 678 2187 Panopeaque
689 2129 770 2192 virgo;

152 2190 187 2238 Et
197 2199 261 2252 pater
270 2192 318 2253 ipse
329 2206 397 2238 manu
408 2189 492 2251 magni
503 2189 618 2236 Portunus
629 2199 723 2240 euntem
769 2194 811 2240 241

152 2253 255 2317 Impulit
288 2254 331 2302 Illa
339 2254 402 2302 Noto
414 2255 480 2301 citius
490 2254 620 2315 volucrique
630 2257 718 2317 sigilli

153 2321 192 2369 Au
203 2328 284 2366 terram
295 2319 360 2381 fugit,
371 2327 395 2366 et
404 2327 470 2381 portu
480 2334 505 2365 se
516 2319 615 2366 condidit
625 2320 680 2367 alto.

153 2384 215 2433 Tum
226 2391 288 2431 sams
298 2382 405 2437 Anchisl,
417 2385 504 2433 cunetis
514 2399 544 2430 ex
554 2399 618 2431 more
627 2386 725 2442 vocatis,

153 2450 271 2497 Victorem
282 2447 365 2511 magni
376 2451 487 2510 praeconis
498 2464 554 2496 voce
566 2447 706 2498 Cloanthum

93 2511 95 2516 ’
153 2511 270 2568 Declarat,
281 2514 389 2575 viridique
400 2514 488 2561 advelat
499 2523 600 2575 tempora
610 2514 690 2574 lauro;

153 2579 296 2641 theraque
305 2580 328 2626 in
339 2594 408 2626 naves
420 2587 496 2624 ternos
507 2586 583 2640 optare
589 2580 704 2640 juvencos

152 2642 265 2719 Vinaque,
275 2651 300 2696 et
309 2644 398 2708 argenti
407 2657 516 2706 magnum
526 2644 565 2691 dat
574 2642 634 2692 ferre
645 2644 765 2714 talentum.
