1709 2925
245 150 411 201 AENEIDOS
426 151 481 200 Lu.
492 150 567 212 vm

52 282 161 331 Auxilio
171 280 240 329 laetos
250 282 369 338 dimittent.
380 283 603 346 opibusquejurabo.

54 347 158 395 Interes
170 362 238 394 sacra
248 348 304 401 haec,
315 348 406 408 quando
417 349 461 393 huc
471 350 565 395 venistis
574 349 650 407 amici,

54 415 158 467 Annua,
170 427 225 473 que
234 411 324 459 differre
334 413 404 467 udas,
416 412 527 459 celebrate
536 413 640 461 faventes

56 475 206 533 Nobiscum,
217 478 296 538 etjam
307 491 368 523 nunc
378 478 491 523 notionum
501 480 623 525 muesdte
633 479 725 526 menis

93 540 163 588 Haec
175 542 214 587 ubi
225 541 293 597 dicta,
304 541 444 603 dapesjubet
453 552 477 587 et
487 543 573 589 mblsta
584 546 661 605 reponi

56 605 160 660 Pocula,
171 607 336 667 gramineoque
347 608 407 653 viros
418 607 480 653 locet
490 608 538 668 ipae
548 608 627 666 sedili3

58 670 258 731 Praecipuumque
268 678 319 717 toro
330 680 354 717 et
363 672 438 718 villosi
449 671 508 732 pelle
517 672 589 717 Ιωιιίι

56 736 159 797 Accipit
170 735 271 790 AEueun,
283 734 384 796 solioque
394 737 476 782 inritat
486 751 575 782 acerno.

57 800 124 848 Tum
138 801 195 847 lecti
200 802 299 861 juvenes
308 802 411 847 certatim
418 816 510 860 araeque
519 800 624 846 aacerdoe
689 805 737 851 179

57 864 163 913 Viscera
168 874 236 923 ,tosta
245 864 322 911 ferunt
331 873 455 918 taurorum,
466 877 605 926 onerantque
616 867 720 913 canistns

56 929 137 978 Dona
147 931 258 991 laboratae
269 927 367 984 cereris,
378 930 539 991 Bacchumque
549 932 683 978 ministrant.

56 993 175 1042 Vescitur
185 994 282 1051 Encas,
294 996 361 1041 simul
371 1004 394 1041 et
405 995 627 1058 Trojanajuveutus,

57 1059 175 1124 Perpetui
186 1071 254 1121 tergo
263 1060 329 1105 boris
338 1069 362 1106 et
371 1060 500 1107 lustralibus
509 1062 576 1108 extis.

96 1125 245 1200 Postquam*
254 1131 345 1172 exemta
364 1124 445 1180 uma,
465 1133 489 1172 et
509 1140 573 1173 amor
594 1140 737 1190 oompmu

57 1254 115 1304 Rex
127 1254 255 1302 Euandrus
265 1255 310 1302 ait:
329 1255 386 1303 Non
396 1256 446 1303 haec
458 1256 567 1303 sollennia
576 1258 648 1311 nobis,

58 1320 114 1368 Has
125 1335 159 1380 ex
170 1335 236 1366 more
246 1320 321 1381 dapes,
333 1321 391 1367 itanc
401 1322 459 1367 tanti
470 1323 569 1367 numinis
579 1336 648 1377 mam,

57 1385 132 1433 Vena
144 1385 277 1447 superstitio
287 1393 435 1445 veterumque
445 1387 524 1447 ignara
535 1384 640 1442 Deorum

58 1448 194 1513 Imposuit:
213 1451 288 1504 saeris,
300 1450 381 1511 hospes
390 1449 414 1496 T
414 1451 496 1514 rojane,
507 1451 597 1513 periclis

57 1517 155 1565 Servati
166 1515 270 1569 facimus,
281 1516 418 1576 meritosque
429 1531 540 1563 novamus
551 1519 656 1564 honores.

57 1580 114 1641 Jsm
126 1583 229 1643 primum
240 1580 301 1627 saxis
311 1595 443 1642 suspensum
454 1583 512 1628 hanc
525 1582 616 1643 adspice
626 1597 720 1644 rupem

58 1645 179 1709 Disjectae
190 1645 270 1706 procul
281 1652 306 1692 ut
316 1646 394 1701 moles,
406 1646 538 1707 desertaque
548 1648 632 1693 montis
690 1649 734 1695 191

58 1711 115 1759 Stat
126 1712 218 1763 domus,
230 1717 254 1756 et
264 1711 349 1772 scopuli
360 1711 477 1772 ingentem
489 1709 579 1759 truite
590 1713 686 1759 ruinam·

59 1776 112 1823 Hic
125 1775 236 1837 spelunca
246 1774 296 1830 fuit,
307 1782 372 1822 vasto
383 1776 487 1823 submota
497 1790 588 1822 recessu
594 1793 602 1832 5

60 1841 229 1902 semihominis
241 1837 296 1887 Caci
306 1839 376 1887 iacies
386 1856 453 1902 quam
466 1841 513 1886 dira
524 1841 621 1895 teuebut.

60 1906 126 1953 Solis
136 1906 278 1951 inaccessam
290 1906 371 1963 rediis3
389 1919 522 1967 semperque
533 1906 618 1951 recenti

62 1968 139 2019 Cede
150 1970 242 2032 tepebat
252 1971 348 2027 hirmus3
364 1970 494 2030 foribusque
505 1969 573 2016 affixe
583 1968 684 2031 superbis

61 2034 113 2082 Ore
124 2035 201 2093 virdun
212 2035 271 2081 tristi
281 2036 407 2097 pendebant
417 2035 501 2096 pallida
511 2035 570 2082 tabo.

62 2099 131 2147 Huic
142 2107 248 2146 monstro
260 2099 377 2146 Vulcanus
388 2108 437 2147 erat
446 2110 523 2161 pater:
542 2099 602 2146 illius
612 2107 674 2148 atros

62 2163 114 2211 Ore
124 2180 223 2211 vomens
233 2164 305 2226 ignes,
317 2163 401 2226 magni
411 2179 437 2210 se
447 2166 507 2211 mole
517 2163 608 2212 ferebat.

62 2229 154 2277 Attulit
165 2237 189 2275 et
200 2229 264 2275 nobis
274 2229 393 2290 aliquando
404 2231 533 2293 optantibus
543 2239 599 2278 aetas
690 2236 739 2280 200

63 2294 188 2341 Auxilium
200 2293 367 2354 adventumque
378 2293 433 2340 Dei.
464 2293 527 2342 Num
537 2298 649 2344 maximus
660 2297 728 2352 ultor.

62 2357 201 2420 Tergemini
214 2373 269 2405 nece
281 2359 398 2420 Geryonae
409 2359 530 2421 spoliisque
541 2362 658 2422 superbus,
676 2403 678 2406 Α

64 2423 163 2470 Alcides
174 2424 257 2478 aderat,
269 2429 388 2485 taurosque
399 2425 442 2470 hac
452 2424 525 2471 victor
535 2426 616 2488 egebat

65 2487 195 2550 Ingentes;
213 2488 340 2548 vallemque
350 2490 420 2534 boves
431 2503 566 2548 amnemque
576 2490 690 2535 tenebant.

64 2553 101 2600 Ar
111 2552 178 2598 iuriis
190 2551 245 2601 Caci
257 2568 321 2599 meus
332 2552 406 2608 effera,
418 2569 449 2600 ne
459 2554 513 2613 quid
523 2555 626 2599 inausum

64 2617 119 2664 Aut
128 2618 274 2664 intractatum
286 2618 406 2665 scelerisve
417 2618 493 2663 dolive
501 2616 588 2668 suisset,

66 2681 186 2739 Quattuor
196 2697 211 2730 a
221 2683 314 2731 subtis
325 2683 442 2746 prestanti
453 2695 548 2745 corpore
558 2688 635 2727 tauros
