1709 2925
163 141 169 154 '
243 124 409 213 muamus
426 162 537 212 amne
679 172 726 216 29³

41 295 191 359 Aggeribus,
203 300 279 341 tanus
289 303 377 358 strages
387 296 479 358 impune
490 312 530 358 per
541 296 618 343 urbem

42 360 174 411 Ediden't?
186 361 298 421 Juvenum
309 362 394 423 primos
405 369 440 407 tot
451 361 537 407 miserit
547 361 627 408 Orco?

42 425 104 474 Non
116 425 213 472 infelicis
225 426 309 486 petrice,
321 433 470 486 veterumque
481 425 593 480 Deorum,

42 490 81 540 Et
88 491 169 552 magni
181 486 265 539 AEneae
276 505 358 551 segnes
369 491 505 551 miseretque
515 491 645 553 pudetque?

79 554 177 603 Talibus
188 556 275 601 accensi
286 554 411 609 firmantur,
422 564 447 602 et
456 557 547 618 agmine
558 557 628 603 denso

44 619 195 670 consistunt.
226 618 318 667 Turnus
329 621 437 682 paulatim
450 622 560 667 excedere
571 620 655 684 pugni,

43 685 80 733 Et
90 686 190 733 fluvium
201 693 284 745 petere,
296 700 322 731 ac
333 692 419 748 partem
431 701 483 746 quae
494 686 594 748 cingitur
604 687 672 733 amni.
683 706 687 713 ·

43 751 133 798 Acrius
144 752 188 797 boc
199 749 283 797 Teucri
293 751 393 798 clamore
403 751 533 797 incumbere
543 766 634 813 magno,
670 757 685 798 7
687 755 715 800 91

43 814 79 864 Et
89 817 219 878 glomerare
229 830 320 861 manum
330 833 335 861 :
355 831 397 861 ceu
409 831 496 862 saevum
508 817 573 862 turba
583 817 672 863 leonem

44 879 108 930 Cum
120 880 173 927 telis
184 881 266 942 premit
276 880 385 939 insensis3
402 889 426 927 st
437 882 528 928 territus
539 882 584 937 ille,

42 946 131 1009 Asper,
142 947 221 992 acerba
232 951 303 1001 tuens,
316 952 377 992 retro
389 945 461 1002 redit;
479 951 502 991 et
513 961 586 1007 neque
597 952 662 1007 terga

43 1009 84 1059 Ira
95 1012 151 1057 dare
162 1019 201 1057 aut
211 1011 283 1057 virtus
294 1010 378 1072 patitur
387 1025 395 1067 ;
412 1025 455 1056 nec
466 1012 653 1065 tenderemus,

41 1073 88 1122 Ille
99 1075 192 1138 quidem
203 1077 248 1121 boc
256 1077 356 1136 cupiens,
367 1075 428 1136 potis
439 1083 473 1121 est
484 1092 524 1136 per
534 1077 580 1124 tela
589 1078 703 1138 virosque.

42 1140 118 1188 Haud
129 1140 195 1187 aliter
204 1148 266 1187 retro
276 1140 356 1188 dubius
364 1141 462 1202 vestigia
471 1139 564 1189 Turnus

41 1203 203 1269 Improperata
213 1205 287 1261 refert,
300 1213 324 1253 et
333 1220 400 1252 mena
409 1213 521 1253 exaestuat
532 1205 572 1254 itit
634 1237 638 1243 -

40 1272 109 1327 Quin
121 1273 191 1319 etiam
201 1271 236 1318 bis
246 1278 295 1319 tum
306 1271 393 1318 medios
404 1271 517 1318 invaserat
528 1272 619 1330 bostes3

40 1335 86 1384 Bis
97 1336 193 1384 confusa
203 1334 260 1398 fugi
270 1352 311 1398 per
321 1351 398 1383 muros
409 1337 501 1398 agmina
508 1339 583 1385 vertit
668 1341 717 1383 800

41 1400 89 1449 Sed
100 1416 184 1449 manus
194 1417 208 1448 s
218 1402 298 1448 metris
308 1416 402 1465 propere
413 1403 459 1448 coit
470 1403 544 1449 omnis
554 1403 578 1450 in
589 1417 667 1452 unum.

40 1468 96 1516 Nec
108 1476 189 1515 contra
199 1468 259 1515 vires
270 1469 337 1515 audet
349 1468 454 1514 Saturnia
464 1467 528 1517 Juuo

41 1533 155 1582 Sufficere
161 1550 170 1590 ;
187 1533 270 1579 adriam
282 1534 341 1580 coelo
352 1548 405 1579 nuru
416 1532 508 1594 Jupiter
519 1532 575 1581 Irim

40 1598 153 1653 Demisit,
165 1613 281 1660 germanae
291 1598 351 1645 baud
362 1598 511 1661 molliajnssa
521 1599 639 1657 terentem,

39 1663 76 1712 Ni
86 1663 183 1711 Turnus
193 1664 259 1711 cedat
268 1662 410 1711 Teucrorum
421 1665 534 1711 moenibus
544 1662 603 1712 altis.

38 1728 110 1792 Ετςο
121 1743 165 1775 nec
176 1729 256 1791 clypeo
262 1729 355 1791 juvenis
365 1730 488 1776 subsistere
498 1737 594 1783 tentum,

39 1794 95 1842 Nec
106 1793 188 1841 dextri
198 1794 273 1842 valet:
292 1794 381 1858 injectis
393 1795 425 1841 sic
438 1794 535 1854 undique
546 1794 598 1840 telis

39 1860 160 1908 Obruitur.
177 1889 179 1896 ,
193 1859 279 1923 Strepit
289 1861 380 1907 assiduo
391 1874 448 1906 cava
458 1866 560 1921 tempora
570 1860 656 1905 circum

38 1923 139 1972 Tinnitu
151 1925 223 1987 galea,
235 1933 259 1972 et
267 1926 330 1973 saxis
340 1925 412 1973 solida
422 1939 468 1971 aera
478 1923 600 1981 fatiscunt3

39 1989 209 2051 Discussasque
214 1991 277 2053 jubae
288 1991 370 2053 capiti3
387 2005 431 2036 nec
442 1989 525 2038 sufficit
535 1990 602 2037 umbo
667 1988 716 2036 alo

39 2054 147 2112 Ictibns3
163 2056 306 2116 ingeminant
316 2056 387 2103 beatis
397 2064 421 2102 et
432 2049 506 2103 Tro'es
517 2063 540 2102 et
550 2057 599 2118 ipse

39 2120 177 2168 Fulmineus
188 2120 332 2168 Mnestheus.
364 2119 426 2168 Tum
439 2127 488 2167 toto
499 2136 594 2183 corpore
604 2120 673 2168 sudor

39 2185 156 2247 Liquitur‚
169 2192 192 2232 et
203 2188 292 2249 piceum
305 2187 360 2251 (nec
370 2187 480 2250 respirare
488 2183 601 2249 potestas)

39 2250 141 2298 Flumen
152 2252 217 2313 cgit3
233 2251 307 2299 fessos
317 2250 391 2312 quatit
402 2266 454 2298 acer
464 2252 576 2299 anhelitus
587 2259 658 2299 artus.

38 2315 103 2364 Tum
115 2316 205 2363 demum
217 2332 278 2379 praec
308 2333 318 2364 s
329 2317 387 2364 saltu
399 2332 449 2364 sese
459 2318 563 2365 omnibus
573 2317 642 2365 armis

38 2380 69 2429 Iu
81 2380 178 2428 fluvium
190 2382 258 2429 dedit.
278 2333 335 2430 ille
346 2397 387 2430 suo
398 2398 450 2429 cum
461 2384 554 2445 gurgite
564 2382 625 2429 flavo

39 2447 140 2508 Accepit
150 2445 287 2502 venientem,
298 2463 325 2495 ac
335 2448 441 2496 mollibus
451 2448 534 2494 extutit
543 2447 626 2505 undis3

38 2511 75 2562 Et
84 2512 164 2561 letum
175 2514 243 2562 sociis
253 2511 328 2562 abluti
338 2514 401 2562 caede
410 2514 505 2566 remisit.

411 2741 415 2744 Π
456 2771 518 2815 203
