<?xml version="1.0" encoding="UTF-8"?>
<!DOCTYPE html PUBLIC "-//W3C//DTD XHTML 1.0 Transitional//EN"
    "http://www.w3.org/TR/xhtml1/DTD/xhtml1-transitional.dtd">
<html xmlns="http://www.w3.org/1999/xhtml" xml:lang="en" lang="en">
 <head>
  <title>
</title>
<meta http-equiv="Content-Type" content="text/html;charset=utf-8" />
  <meta name='ocr-system' content='tesseract 3.04.00' />
  <meta name='ocr-capabilities' content='ocr_page ocr_carea ocr_par ocr_line ocrx_word'/>
</head>
<body>
  <div class='ocr_page' id='page_1' title='image "./pvirgiliimaroni00heyngoog/pvirgiliimaroni00heyngoog_0244.png"; bbox 0 0 1709 2925; ppageno 0'>
   <div class='ocr_carea' id='block_1_1' title="bbox 109 143 620 201">
    <p class='ocr_par' dir='ltr' id='par_1_1' title="bbox 109 143 620 201">
     <span class='ocr_line' id='line_1_1' title="bbox 109 143 620 201; baseline -0.014 0"><span class='ocrx_word' id='word_1_1' title='bbox 109 156 159 201; x_wconf 74' lang='lat'><strong>284</strong></span> <span class='ocrx_word' id='word_1_2' title='bbox 286 182 289 190; x_wconf 42' lang='lat' dir='ltr'><strong><em>f</em></strong></span> <span class='ocrx_word' id='word_1_3' title='bbox 308 146 475 197; x_wconf 79' lang='lat' dir='ltr'>AENEIDOS</span> <span class='ocrx_word' id='word_1_4' title='bbox 491 145 547 194; x_wconf 82' lang='lat' dir='ltr'><strong>Lu.</strong></span> <span class='ocrx_word' id='word_1_5' title='bbox 558 143 620 194; x_wconf 87' lang='lat' dir='ltr'><strong>Vll.</strong></span> 
     </span>
    </p>
   </div>
   <div class='ocr_carea' id='block_1_2' title="bbox 96 277 819 2687">
    <p class='ocr_par' dir='ltr' id='par_1_2' title="bbox 114 277 819 2098">
     <span class='ocr_line' id='line_1_2' title="bbox 114 277 819 341; baseline -0.011 -9"><span class='ocrx_word' id='word_1_6' title='bbox 114 283 202 332; x_wconf 91' lang='lat' dir='ltr'><strong>Obtutu</strong></span> <span class='ocrx_word' id='word_1_7' title='bbox 212 285 275 329; x_wconf 85' lang='lat' dir='ltr'><strong>tenet</strong></span> <span class='ocrx_word' id='word_1_8' title='bbox 285 294 331 336; x_wconf 83' lang='lat' dir='ltr'><strong>ora,</strong></span> <span class='ocrx_word' id='word_1_9' title='bbox 344 279 439 341; x_wconf 88' lang='lat' dir='ltr'><strong>soloque</strong></span> <span class='ocrx_word' id='word_1_10' title='bbox 448 278 569 334; x_wconf 81' lang='lat' dir='ltr'><strong>immobilis</strong></span> <span class='ocrx_word' id='word_1_11' title='bbox 578 277 655 331; x_wconf 66' lang='lat' dir='ltr'><strong>beret,</strong></span> <span class='ocrx_word' id='word_1_12' title='bbox 759 280 819 336; x_wconf 68' lang='lat'><strong>2⁵⁰</strong></span> 
     </span>
     <span class='ocr_line' id='line_1_3' title="bbox 114 342 712 405; baseline -0.01 -10"><span class='ocrx_word' id='word_1_13' title='bbox 114 347 219 395; x_wconf 74' lang='lat' dir='ltr'>Intentos</span> <span class='ocrx_word' id='word_1_14' title='bbox 230 346 324 393; x_wconf 85' lang='lat' dir='ltr'><strong>volvens</strong></span> <span class='ocrx_word' id='word_1_15' title='bbox 335 345 420 391; x_wconf 83' lang='lat' dir='ltr'><strong>oeulos.</strong></span> <span class='ocrx_word' id='word_1_16' title='bbox 452 342 504 390; x_wconf 86' lang='lat' dir='ltr'><strong>Nec</strong></span> <span class='ocrx_word' id='word_1_17' title='bbox 514 357 612 405; x_wconf 76' lang='lat' dir='ltr'><strong>purpura</strong></span> <span class='ocrx_word' id='word_1_18' title='bbox 622 357 712 405; x_wconf 79' lang='lat' dir='ltr'><strong>regem</strong></span> 
     </span>
     <span class='ocr_line' id='line_1_4' title="bbox 115 407 788 472; baseline -0.006 -11"><span class='ocrx_word' id='word_1_19' title='bbox 115 411 182 461; x_wconf 82' lang='lat' dir='ltr'><strong>Picta</strong></span> <span class='ocrx_word' id='word_1_20' title='bbox 192 418 274 465; x_wconf 81' lang='lat' dir='ltr'><strong>movet,</strong></span> <span class='ocrx_word' id='word_1_21' title='bbox 286 424 328 456; x_wconf 84' lang='lat' dir='ltr'><strong>ner</strong></span> <span class='ocrx_word' id='word_1_22' title='bbox 339 409 428 472; x_wconf 85' lang='lat' dir='ltr'><strong>sceptra</strong></span> <span class='ocrx_word' id='word_1_23' title='bbox 438 415 531 456; x_wconf 85' lang='lat' dir='ltr'><strong>movent</strong></span> <span class='ocrx_word' id='word_1_24' title='bbox 542 407 655 455; x_wconf 83' lang='lat' dir='ltr'><strong>Priameia</strong></span> <span class='ocrx_word' id='word_1_25' title='bbox 664 415 788 466; x_wconf 77' lang='lat' dir='ltr'><strong>tontum,</strong></span> 
     </span>
     <span class='ocr_line' id='line_1_5' title="bbox 116 473 763 533; baseline -0.003 -10"><span class='ocrx_word' id='word_1_26' title='bbox 116 477 233 532; x_wconf 81' lang='lat' dir='ltr'><strong>Quantum</strong></span> <span class='ocrx_word' id='word_1_27' title='bbox 244 475 268 522; x_wconf 91' lang='lat' dir='ltr'><strong>in</strong></span> <span class='ocrx_word' id='word_1_28' title='bbox 279 474 391 522; x_wconf 85' lang='lat' dir='ltr'><strong>connubio</strong></span> <span class='ocrx_word' id='word_1_29' title='bbox 402 482 463 521; x_wconf 82' lang='lat' dir='ltr'><strong>natae</strong></span> <span class='ocrx_word' id='word_1_30' title='bbox 473 473 616 533; x_wconf 77' lang='lat' dir='ltr'><strong>thalamoque</strong></span> <span class='ocrx_word' id='word_1_31' title='bbox 627 480 763 533; x_wconf 64' lang='lat' dir='ltr'><strong>moretm</strong></span> 
     </span>
     <span class='ocr_line' id='line_1_6' title="bbox 114 538 666 600; baseline -0.013 -9"><span class='ocrx_word' id='word_1_32' title='bbox 114 541 149 592; x_wconf 86' lang='lat' dir='ltr'><strong>Et</strong></span> <span class='ocrx_word' id='word_1_33' title='bbox 159 541 242 589; x_wconf 86' lang='lat' dir='ltr'><strong>veteris</strong></span> <span class='ocrx_word' id='word_1_34' title='bbox 250 538 325 587; x_wconf 82' lang='lat' dir='ltr'><strong>Fauni</strong></span> <span class='ocrx_word' id='word_1_35' title='bbox 333 539 405 594; x_wconf 84' lang='lat' dir='ltr'><strong>volvit</strong></span> <span class='ocrx_word' id='word_1_36' title='bbox 416 539 457 586; x_wconf 93' lang='lat' dir='ltr'><strong>sub</strong></span> <span class='ocrx_word' id='word_1_37' title='bbox 467 545 558 600; x_wconf 82' lang='lat' dir='ltr'>pectore</span> <span class='ocrx_word' id='word_1_38' title='bbox 569 545 666 585; x_wconf 84' lang='lat' dir='ltr'><strong>sortem:</strong></span> 
     </span>
     <span class='ocr_line' id='line_1_7' title="bbox 117 602 664 683; baseline -0.011 -29"><span class='ocrx_word' id='word_1_39' title='bbox 117 605 189 654; x_wconf 86' lang='lat' dir='ltr'><strong>Hunc</strong></span> <span class='ocrx_word' id='word_1_40' title='bbox 199 606 263 683; x_wconf 72' lang='lat' dir='ltr'><strong>ilprm</strong></span> <span class='ocrx_word' id='word_1_41' title='bbox 273 605 324 663; x_wconf 78' lang='lat' dir='ltr'><strong>latis</strong></span> <span class='ocrx_word' id='word_1_42' title='bbox 335 602 431 651; x_wconf 71' lang='lat' dir='ltr'><strong>externi</strong></span> <span class='ocrx_word' id='word_1_43' title='bbox 440 604 468 650; x_wconf 93' lang='lat' dir='ltr'><strong>ab</strong></span> <span class='ocrx_word' id='word_1_44' title='bbox 475 603 529 650; x_wconf 81' lang='lat' dir='ltr'><strong>sede</strong></span> <span class='ocrx_word' id='word_1_45' title='bbox 539 602 664 665; x_wconf 79' lang='lat' dir='ltr'><strong>profectum</strong></span> 
     </span>
     <span class='ocr_line' id='line_1_8' title="bbox 115 668 697 738; baseline -0.007 -19"><span class='ocrx_word' id='word_1_46' title='bbox 115 671 224 719; x_wconf 84' lang='lat' dir='ltr'><strong>Portendr</strong></span> <span class='ocrx_word' id='word_1_47' title='bbox 235 685 352 735; x_wconf 77' lang='lat' dir='ltr'>generum,</span> <span class='ocrx_word' id='word_1_48' title='bbox 362 670 496 731; x_wconf 88' lang='lat' dir='ltr'><strong>paribusque</strong></span> <span class='ocrx_word' id='word_1_49' title='bbox 506 669 530 738; x_wconf 74' lang='lat' dir='ltr'><strong>in</strong></span> <span class='ocrx_word' id='word_1_50' title='bbox 540 683 612 729; x_wconf 81' lang='lat' dir='ltr'><strong>regna</strong></span> <span class='ocrx_word' id='word_1_51' title='bbox 622 668 697 716; x_wconf 76' lang='lat' dir='ltr'><strong>vorari</strong></span> 
     </span>
     <span class='ocr_line' id='line_1_9' title="bbox 116 732 660 799; baseline -0.009 -15"><span class='ocrx_word' id='word_1_52' title='bbox 116 737 247 799; x_wconf 76' lang='lat' dir='ltr'><strong>Auspiciis5</strong></span> <span class='ocrx_word' id='word_1_53' title='bbox 263 736 315 782; x_wconf 81' lang='lat' dir='ltr'><strong>buin</strong></span> <span class='ocrx_word' id='word_1_54' title='bbox 325 735 456 796; x_wconf 81' lang='lat' dir='ltr'><strong>progeniem</strong></span> <span class='ocrx_word' id='word_1_55' title='bbox 468 735 551 780; x_wconf 82' lang='lat' dir='ltr'><strong>virtute</strong></span> <span class='ocrx_word' id='word_1_56' title='bbox 560 732 660 780; x_wconf 80' lang='lat' dir='ltr'><strong>fumram</strong></span> 
     </span>
     <span class='ocr_line' id='line_1_10' title="bbox 116 799 731 865; baseline -0.007 -14"><span class='ocrx_word' id='word_1_57' title='bbox 116 801 249 865; x_wconf 75' lang='lat' dir='ltr'><strong>Egregium,</strong></span> <span class='ocrx_word' id='word_1_58' title='bbox 260 809 284 847; x_wconf 90' lang='lat' dir='ltr'><strong>et</strong></span> <span class='ocrx_word' id='word_1_59' title='bbox 294 808 366 847; x_wconf 86' lang='lat' dir='ltr'><strong>totum</strong></span> <span class='ocrx_word' id='word_1_60' title='bbox 378 815 431 858; x_wconf 86' lang='lat' dir='ltr'><strong>quse</strong></span> <span class='ocrx_word' id='word_1_61' title='bbox 441 799 525 845; x_wconf 87' lang='lat' dir='ltr'><strong>viribus</strong></span> <span class='ocrx_word' id='word_1_62' title='bbox 535 806 631 860; x_wconf 82' lang='lat' dir='ltr'><strong>occupet</strong></span> <span class='ocrx_word' id='word_1_63' title='bbox 641 800 731 847; x_wconf 84' lang='lat' dir='ltr'><strong>orbem.</strong></span> 
     </span>
     <span class='ocr_line' id='line_1_11' title="bbox 116 863 746 925; baseline -0.006 -11"><span class='ocrx_word' id='word_1_64' title='bbox 116 865 220 914; x_wconf 80' lang='lat' dir='ltr'><strong>Tandem</strong></span> <span class='ocrx_word' id='word_1_65' title='bbox 230 867 297 914; x_wconf 80' lang='lat' dir='ltr'><strong>laetus</strong></span> <span class='ocrx_word' id='word_1_66' title='bbox 308 866 353 912; x_wconf 83' lang='lat' dir='ltr'><strong>ait:</strong></span> <span class='ocrx_word' id='word_1_67' title='bbox 374 864 408 911; x_wconf 86' lang='lat' dir='ltr'><strong>Di</strong></span> <span class='ocrx_word' id='word_1_68' title='bbox 419 872 497 910; x_wconf 86' lang='lat' dir='ltr'><strong>nostra</strong></span> <span class='ocrx_word' id='word_1_69' title='bbox 507 864 596 925; x_wconf 84' lang='lat' dir='ltr'><strong>incepta</strong></span> <span class='ocrx_word' id='word_1_70' title='bbox 606 863 746 925; x_wconf 71' lang='lat' dir='ltr'><strong>secundent,</strong></span> 
     </span>
     <span class='ocr_line' id='line_1_12' title="bbox 117 927 792 995; baseline -0.007 -16"><span class='ocrx_word' id='word_1_71' title='bbox 117 932 290 995; x_wconf 81' lang='lat' dir='ltr'><strong>Auguriumque</strong></span> <span class='ocrx_word' id='word_1_72' title='bbox 301 927 382 977; x_wconf 87' lang='lat' dir='ltr'><strong>suum!</strong></span> <span class='ocrx_word' id='word_1_73' title='bbox 401 928 506 983; x_wconf 82' lang='lat' dir='ltr'><strong>Dabitur,</strong></span> <span class='ocrx_word' id='word_1_74' title='bbox 517 927 622 990; x_wconf 81' lang='lat' dir='ltr'><strong>Trojane‚</strong></span> <span class='ocrx_word' id='word_1_75' title='bbox 631 929 691 990; x_wconf 92' lang='lat' dir='ltr'><strong>quod</strong></span> <span class='ocrx_word' id='word_1_76' title='bbox 701 940 792 995; x_wconf 67' lang='lat' dir='ltr'><strong>opta:</strong></span> 
     </span>
     <span class='ocr_line' id='line_1_13' title="bbox 118 992 789 1056; baseline -0.004 -12"><span class='ocrx_word' id='word_1_77' title='bbox 118 996 218 1044; x_wconf 86' lang='lat' dir='ltr'><strong>Munera</strong></span> <span class='ocrx_word' id='word_1_78' title='bbox 229 1010 271 1043; x_wconf 84' lang='lat' dir='ltr'><strong>nen</strong></span> <span class='ocrx_word' id='word_1_79' title='bbox 281 1010 370 1056; x_wconf 88' lang='lat' dir='ltr'><strong>sperno.</strong></span> <span class='ocrx_word' id='word_1_80' title='bbox 403 992 458 1040; x_wconf 91' lang='lat' dir='ltr'><strong>Non</strong></span> <span class='ocrx_word' id='word_1_81' title='bbox 469 993 539 1047; x_wconf 84' lang='lat' dir='ltr'><strong>vobis,</strong></span> <span class='ocrx_word' id='word_1_82' title='bbox 551 1007 606 1054; x_wconf 79' lang='lat' dir='ltr'><strong>rege</strong></span> <span class='ocrx_word' id='word_1_83' title='bbox 616 992 708 1053; x_wconf 80' lang='lat' dir='ltr'><strong>Latino,</strong></span> <span class='ocrx_word' id='word_1_84' title='bbox 737 1000 789 1045; x_wconf 76' lang='lat'><strong>261</strong></span> 
     </span>
     <span class='ocr_line' id='line_1_14' title="bbox 116 1058 748 1121; baseline -0.003 -13"><span class='ocrx_word' id='word_1_85' title='bbox 116 1059 205 1108; x_wconf 81' lang='lat' dir='ltr'><strong>Divitis</strong></span> <span class='ocrx_word' id='word_1_86' title='bbox 217 1060 270 1107; x_wconf 87' lang='lat' dir='ltr'><strong>uber</strong></span> <span class='ocrx_word' id='word_1_87' title='bbox 281 1060 329 1121; x_wconf 84' lang='lat' dir='ltr'><strong>agri</strong></span> <span class='ocrx_word' id='word_1_88' title='bbox 340 1058 448 1121; x_wconf 84' lang='lat' dir='ltr'><strong>Trojseve</strong></span> <span class='ocrx_word' id='word_1_89' title='bbox 457 1058 572 1120; x_wconf 88' lang='lat' dir='ltr'><strong>opulentia</strong></span> <span class='ocrx_word' id='word_1_90' title='bbox 581 1058 661 1106; x_wconf 83' lang='lat' dir='ltr'><strong>deerit.</strong></span> <span class='ocrx_word' id='word_1_91' title='bbox 743 1063 748 1067; x_wconf 83' lang='grc'><strong>”</strong></span> 
     </span>
     <span class='ocr_line' id='line_1_15' title="bbox 117 1122 688 1186; baseline -0.005 -14"><span class='ocrx_word' id='word_1_92' title='bbox 117 1124 172 1186; x_wconf 82' lang='lat' dir='ltr'><strong>Ipse</strong></span> <span class='ocrx_word' id='word_1_93' title='bbox 182 1124 250 1171; x_wconf 87' lang='lat' dir='ltr'><strong>modo</strong></span> <span class='ocrx_word' id='word_1_94' title='bbox 261 1123 357 1181; x_wconf 81' lang='lat' dir='ltr'><strong>AEueas,</strong></span> <span class='ocrx_word' id='word_1_95' title='bbox 369 1124 441 1180; x_wconf 81' lang='lat' dir='ltr'><strong>nostri</strong></span> <span class='ocrx_word' id='word_1_96' title='bbox 452 1124 471 1169; x_wconf 91' lang='lat' dir='ltr'><strong>si</strong></span> <span class='ocrx_word' id='word_1_97' title='bbox 481 1131 544 1170; x_wconf 76' lang='lat' dir='ltr'><strong>tanta</strong></span> <span class='ocrx_word' id='word_1_98' title='bbox 554 1122 636 1184; x_wconf 88' lang='lat' dir='ltr'><strong>cupido</strong></span> <span class='ocrx_word' id='word_1_99' title='bbox 646 1131 688 1180; x_wconf 85' lang='lat' dir='ltr'><strong>est,</strong></span> 
     </span>
     <span class='ocr_line' id='line_1_16' title="bbox 119 1188 679 1252; baseline -0.002 -17"><span class='ocrx_word' id='word_1_100' title='bbox 119 1191 144 1239; x_wconf 82' lang='lat' dir='ltr'><strong>si</strong></span> <span class='ocrx_word' id='word_1_101' title='bbox 157 1190 225 1252; x_wconf 85' lang='lat' dir='ltr'><strong>jungi</strong></span> <span class='ocrx_word' id='word_1_102' title='bbox 235 1190 333 1251; x_wconf 89' lang='lat' dir='ltr'><strong>bospitio</strong></span> <span class='ocrx_word' id='word_1_103' title='bbox 343 1195 454 1251; x_wconf 78' lang='lat' dir='ltr'><strong>properat,</strong></span> <span class='ocrx_word' id='word_1_104' title='bbox 466 1188 584 1249; x_wconf 85' lang='lat' dir='ltr'><strong>sociusque</strong></span> <span class='ocrx_word' id='word_1_105' title='bbox 594 1189 679 1245; x_wconf 80' lang='lat' dir='ltr'><strong>vocari,</strong></span> 
     </span>
     <span class='ocr_line' id='line_1_17' title="bbox 116 1254 669 1313; baseline -0.007 -8"><span class='ocrx_word' id='word_1_106' title='bbox 116 1254 248 1313; x_wconf 76' lang='lat' dir='ltr'><strong>Adveniat3</strong></span> <span class='ocrx_word' id='word_1_107' title='bbox 265 1255 342 1301; x_wconf 91' lang='lat' dir='ltr'><strong>vultus</strong></span> <span class='ocrx_word' id='word_1_108' title='bbox 353 1269 411 1301; x_wconf 84' lang='lat' dir='ltr'><strong>neve</strong></span> <span class='ocrx_word' id='word_1_109' title='bbox 422 1254 565 1300; x_wconf 77' lang='lat' dir='ltr'><strong>exhorrescat</strong></span> <span class='ocrx_word' id='word_1_110' title='bbox 575 1255 669 1301; x_wconf 83' lang='lat' dir='ltr'><strong>amicos.</strong></span> 
     </span>
     <span class='ocr_line' id='line_1_18' title="bbox 119 1318 702 1382; baseline 0 -15"><span class='ocrx_word' id='word_1_111' title='bbox 119 1318 177 1367; x_wconf 86' lang='lat' dir='ltr'><strong>Pars</strong></span> <span class='ocrx_word' id='word_1_112' title='bbox 187 1319 242 1366; x_wconf 90' lang='lat' dir='ltr'><strong>mihi</strong></span> <span class='ocrx_word' id='word_1_113' title='bbox 253 1319 314 1382; x_wconf 85' lang='lat' dir='ltr'><strong>pacis</strong></span> <span class='ocrx_word' id='word_1_114' title='bbox 324 1319 366 1365; x_wconf 88' lang='lat' dir='ltr'><strong>erit</strong></span> <span class='ocrx_word' id='word_1_115' title='bbox 377 1318 479 1365; x_wconf 80' lang='lat' dir='ltr'><strong>dextram</strong></span> <span class='ocrx_word' id='word_1_116' title='bbox 490 1319 593 1380; x_wconf 83' lang='lat' dir='ltr'><strong>tetigisse</strong></span> <span class='ocrx_word' id='word_1_117' title='bbox 603 1319 702 1379; x_wconf 81' lang='lat' dir='ltr'><strong>tyranni.</strong></span> 
     </span>
     <span class='ocr_line' id='line_1_19' title="bbox 116 1382 668 1446; baseline -0.002 -14"><span class='ocrx_word' id='word_1_118' title='bbox 116 1384 170 1432; x_wconf 84' lang='lat' dir='ltr'><strong>Vns</strong></span> <span class='ocrx_word' id='word_1_119' title='bbox 180 1391 259 1432; x_wconf 84' lang='lat' dir='ltr'><strong>contra</strong></span> <span class='ocrx_word' id='word_1_120' title='bbox 269 1385 317 1446; x_wconf 78' lang='lat' dir='ltr'><strong>regi</strong></span> <span class='ocrx_word' id='word_1_121' title='bbox 328 1398 379 1431; x_wconf 89' lang='lat' dir='ltr'><strong>mea</strong></span> <span class='ocrx_word' id='word_1_122' title='bbox 390 1399 451 1430; x_wconf 87' lang='lat' dir='ltr'><strong>nuno</strong></span> <span class='ocrx_word' id='word_1_123' title='bbox 462 1383 567 1430; x_wconf 82' lang='lat' dir='ltr'><strong>mandata</strong></span> <span class='ocrx_word' id='word_1_124' title='bbox 576 1382 668 1431; x_wconf 67' lang='lat' dir='ltr'><strong>referte</strong></span> 
     </span>
     <span class='ocr_line' id='line_1_20' title="bbox 117 1447 724 1512; baseline 0.005 -14"><span class='ocrx_word' id='word_1_125' title='bbox 117 1447 164 1499; x_wconf 85' lang='lat' dir='ltr'><strong>Est</strong></span> <span class='ocrx_word' id='word_1_126' title='bbox 174 1450 228 1496; x_wconf 90' lang='lat' dir='ltr'><strong>mibi</strong></span> <span class='ocrx_word' id='word_1_127' title='bbox 240 1456 299 1507; x_wconf 83' lang='lat' dir='ltr'><strong>nata,</strong></span> <span class='ocrx_word' id='word_1_128' title='bbox 312 1449 360 1496; x_wconf 89' lang='lat' dir='ltr'><strong>viro</strong></span> <span class='ocrx_word' id='word_1_129' title='bbox 371 1449 447 1512; x_wconf 76' lang='lat' dir='ltr'><strong>gentis</strong></span> <span class='ocrx_word' id='word_1_130' title='bbox 456 1464 522 1510; x_wconf 83' lang='lat' dir='ltr'><strong>quam</strong></span> <span class='ocrx_word' id='word_1_131' title='bbox 529 1449 629 1512; x_wconf 83' lang='lat' dir='ltr'><strong>jungere</strong></span> <span class='ocrx_word' id='word_1_132' title='bbox 639 1457 724 1507; x_wconf 75' lang='lat' dir='ltr'><strong>nosltae</strong></span> 
     </span>
     <span class='ocr_line' id='line_1_21' title="bbox 117 1514 787 1578; baseline 0.001 -15"><span class='ocrx_word' id='word_1_133' title='bbox 117 1514 174 1563; x_wconf 87' lang='lat' dir='ltr'><strong>Non</strong></span> <span class='ocrx_word' id='word_1_134' title='bbox 185 1515 256 1578; x_wconf 89' lang='lat' dir='ltr'><strong>patrio</strong></span> <span class='ocrx_word' id='word_1_135' title='bbox 267 1529 296 1561; x_wconf 88' lang='lat' dir='ltr'><strong>ex</strong></span> <span class='ocrx_word' id='word_1_136' title='bbox 306 1514 374 1575; x_wconf 88' lang='lat' dir='ltr'><strong>adyto</strong></span> <span class='ocrx_word' id='word_1_137' title='bbox 386 1522 464 1569; x_wconf 79' lang='lat' dir='ltr'><strong>sortes,</strong></span> <span class='ocrx_word' id='word_1_138' title='bbox 475 1529 521 1561; x_wconf 89' lang='lat' dir='ltr'><strong>non</strong></span> <span class='ocrx_word' id='word_1_139' title='bbox 532 1514 629 1577; x_wconf 84' lang='lat' dir='ltr'><strong>plurimu</strong></span> <span class='ocrx_word' id='word_1_140' title='bbox 639 1517 698 1564; x_wconf 85' lang='lat' dir='ltr'><strong>ooelo</strong></span> <span class='ocrx_word' id='word_1_141' title='bbox 736 1523 787 1571; x_wconf 72' lang='lat'><strong>269</strong></span> 
     </span>
     <span class='ocr_line' id='line_1_22' title="bbox 118 1578 738 1642; baseline 0.002 -14"><span class='ocrx_word' id='word_1_142' title='bbox 118 1579 227 1628; x_wconf 81' lang='lat' dir='ltr'><strong>Monstra</strong></span> <span class='ocrx_word' id='word_1_143' title='bbox 237 1579 329 1627; x_wconf 84' lang='lat' dir='ltr'><strong>sinunt:</strong></span> <span class='ocrx_word' id='word_1_144' title='bbox 348 1595 445 1642; x_wconf 80' lang='lat' dir='ltr'><strong>generos</strong></span> <span class='ocrx_word' id='word_1_145' title='bbox 456 1579 556 1626; x_wconf 81' lang='lat' dir='ltr'><strong>extemis</strong></span> <span class='ocrx_word' id='word_1_146' title='bbox 566 1578 636 1627; x_wconf 82' lang='lat' dir='ltr'><strong>affore</strong></span> <span class='ocrx_word' id='word_1_147' title='bbox 646 1581 675 1628; x_wconf 86' lang='lat' dir='ltr'><strong>ab</strong></span> <span class='ocrx_word' id='word_1_148' title='bbox 684 1582 738 1640; x_wconf 82' lang='lat' dir='ltr'><strong>oris,</strong></span> 
     </span>
     <span class='ocr_line' id='line_1_23' title="bbox 119 1643 757 1710; baseline 0.005 -18"><span class='ocrx_word' id='word_1_149' title='bbox 119 1644 187 1710; x_wconf 86' lang='lat' dir='ltr'><strong>(Hoc</strong></span> <span class='ocrx_word' id='word_1_150' title='bbox 199 1644 266 1692; x_wconf 86' lang='lat' dir='ltr'><strong>Latin</strong></span> <span class='ocrx_word' id='word_1_151' title='bbox 277 1643 371 1705; x_wconf 87' lang='lat' dir='ltr'><strong>restare)</strong></span> <span class='ocrx_word' id='word_1_152' title='bbox 384 1652 475 1698; x_wconf 75' lang='lat' dir='ltr'><strong>canunt,</strong></span> <span class='ocrx_word' id='word_1_153' title='bbox 486 1645 524 1705; x_wconf 89' lang='lat' dir='ltr'><strong>qni</strong></span> <span class='ocrx_word' id='word_1_154' title='bbox 535 1645 646 1707; x_wconf 81' lang='lat' dir='ltr'><strong>sunguine</strong></span> <span class='ocrx_word' id='word_1_155' title='bbox 656 1656 757 1695; x_wconf 86' lang='lat' dir='ltr'><strong>nostnrar</strong></span> 
     </span>
     <span class='ocr_line' id='line_1_24' title="bbox 118 1708 746 1772; baseline 0.002 -14"><span class='ocrx_word' id='word_1_156' title='bbox 118 1709 212 1759; x_wconf 84' lang='lat' dir='ltr'><strong>Nomen</strong></span> <span class='ocrx_word' id='word_1_157' title='bbox 223 1712 247 1758; x_wconf 90' lang='lat' dir='ltr'><strong>in</strong></span> <span class='ocrx_word' id='word_1_158' title='bbox 257 1718 317 1759; x_wconf 86' lang='lat' dir='ltr'><strong>astra</strong></span> <span class='ocrx_word' id='word_1_159' title='bbox 327 1708 407 1757; x_wconf 83' lang='lat' dir='ltr'><strong>lerunt.</strong></span> <span class='ocrx_word' id='word_1_160' title='bbox 440 1709 512 1756; x_wconf 88' lang='lat' dir='ltr'><strong>Hunc</strong></span> <span class='ocrx_word' id='word_1_161' title='bbox 522 1709 584 1756; x_wconf 88' lang='lat' dir='ltr'><strong>illurn</strong></span> <span class='ocrx_word' id='word_1_162' title='bbox 596 1725 691 1772; x_wconf 77' lang='lat' dir='ltr'><strong>posuere</strong></span> <span class='ocrx_word' id='word_1_163' title='bbox 699 1711 746 1762; x_wconf 80' lang='lat' dir='ltr'><strong>ista</strong></span> 
     </span>
     <span class='ocr_line' id='line_1_25' title="bbox 118 1775 677 1837; baseline -0.004 -13"><span class='ocrx_word' id='word_1_164' title='bbox 118 1775 154 1824; x_wconf 86' lang='lat' dir='ltr'><strong>Et</strong></span> <span class='ocrx_word' id='word_1_165' title='bbox 164 1793 223 1834; x_wconf 84' lang='lat' dir='ltr'><strong>reor,</strong></span> <span class='ocrx_word' id='word_1_166' title='bbox 234 1782 264 1832; x_wconf 73' lang='lat' dir='ltr'><strong>et,</strong></span> <span class='ocrx_word' id='word_1_167' title='bbox 275 1776 294 1823; x_wconf 91' lang='lat' dir='ltr'><strong>si</strong></span> <span class='ocrx_word' id='word_1_168' title='bbox 305 1775 358 1837; x_wconf 92' lang='lat' dir='ltr'><strong>quid</strong></span> <span class='ocrx_word' id='word_1_169' title='bbox 368 1775 415 1822; x_wconf 82' lang='lat' dir='ltr'><strong>veri</strong></span> <span class='ocrx_word' id='word_1_170' title='bbox 425 1790 491 1821; x_wconf 87' lang='lat' dir='ltr'><strong>mens</strong></span> <span class='ocrx_word' id='word_1_171' title='bbox 501 1782 604 1837; x_wconf 68' lang='lat' dir='ltr'><strong>augustat,</strong></span> <span class='ocrx_word' id='word_1_172' title='bbox 615 1784 677 1837; x_wconf 83' lang='lat' dir='ltr'><strong>opto.</strong></span> 
     </span>
     <span class='ocr_line' id='line_1_26' title="bbox 119 1839 692 1902; baseline 0.005 -15"><span class='ocrx_word' id='word_1_173' title='bbox 119 1839 182 1889; x_wconf 83' lang='lat' dir='ltr'><strong>Haec</strong></span> <span class='ocrx_word' id='word_1_174' title='bbox 192 1840 278 1897; x_wconf 83' lang='lat' dir='ltr'><strong>effatus,</strong></span> <span class='ocrx_word' id='word_1_175' title='bbox 289 1856 359 1902; x_wconf 84' lang='lat' dir='ltr'><strong>equos</strong></span> <span class='ocrx_word' id='word_1_176' title='bbox 369 1855 463 1887; x_wconf 89' lang='lat' dir='ltr'><strong>numero</strong></span> <span class='ocrx_word' id='word_1_177' title='bbox 473 1847 537 1902; x_wconf 84' lang='lat' dir='ltr'><strong>pater</strong></span> <span class='ocrx_word' id='word_1_178' title='bbox 546 1840 611 1901; x_wconf 81' lang='lat' dir='ltr'><strong>eligit</strong></span> <span class='ocrx_word' id='word_1_179' title='bbox 620 1842 692 1890; x_wconf 90' lang='lat' dir='ltr'><strong>omni.</strong></span> 
     </span>
     <span class='ocr_line' id='line_1_27' title="bbox 119 1905 693 1966; baseline 0.002 -13"><span class='ocrx_word' id='word_1_180' title='bbox 119 1906 215 1954; x_wconf 81' lang='lat' dir='ltr'><strong>Stabant</strong></span> <span class='ocrx_word' id='word_1_181' title='bbox 225 1914 259 1953; x_wconf 88' lang='lat' dir='ltr'><strong>ter</strong></span> <span class='ocrx_word' id='word_1_182' title='bbox 269 1914 360 1954; x_wconf 85' lang='lat' dir='ltr'><strong>centum</strong></span> <span class='ocrx_word' id='word_1_183' title='bbox 371 1906 435 1952; x_wconf 84' lang='lat' dir='ltr'><strong>nitidi</strong></span> <span class='ocrx_word' id='word_1_184' title='bbox 445 1905 469 1951; x_wconf 91' lang='lat' dir='ltr'><strong>in</strong></span> <span class='ocrx_word' id='word_1_185' title='bbox 480 1906 615 1966; x_wconf 83' lang='lat' dir='ltr'><strong>praesepibus</strong></span> <span class='ocrx_word' id='word_1_186' title='bbox 625 1906 693 1954; x_wconf 80' lang='lat' dir='ltr'><strong>altis:</strong></span> 
     </span>
     <span class='ocr_line' id='line_1_28' title="bbox 119 1969 678 2033; baseline 0.004 -16"><span class='ocrx_word' id='word_1_187' title='bbox 119 1969 231 2017; x_wconf 84' lang='lat' dir='ltr'><strong>Omnibus</strong></span> <span class='ocrx_word' id='word_1_188' title='bbox 238 1971 351 2033; x_wconf 79' lang='lat' dir='ltr'><strong>extemplo</strong></span> <span class='ocrx_word' id='word_1_189' title='bbox 361 1969 457 2017; x_wconf 82' lang='lat' dir='ltr'><strong>Teucris</strong></span> <span class='ocrx_word' id='word_1_190' title='bbox 462 1970 528 2032; x_wconf 85' lang='lat' dir='ltr'><strong>jubet</strong></span> <span class='ocrx_word' id='word_1_191' title='bbox 537 1970 616 2017; x_wconf 83' lang='lat' dir='ltr'><strong>ordine</strong></span> <span class='ocrx_word' id='word_1_192' title='bbox 626 1970 678 2019; x_wconf 81' lang='lat' dir='ltr'><strong>duni</strong></span> 
     </span>
     <span class='ocr_line' id='line_1_29' title="bbox 119 2031 630 2098; baseline 0.002 -16"><span class='ocrx_word' id='word_1_193' title='bbox 119 2031 232 2082; x_wconf 85' lang='lat' dir='ltr'><strong>Instratos</strong></span> <span class='ocrx_word' id='word_1_194' title='bbox 242 2043 304 2083; x_wconf 88' lang='lat' dir='ltr'><strong>ostro</strong></span> <span class='ocrx_word' id='word_1_195' title='bbox 315 2035 412 2098; x_wconf 80' lang='lat' dir='ltr'><strong>alipedes</strong></span> <span class='ocrx_word' id='word_1_196' title='bbox 422 2035 532 2098; x_wconf 85' lang='lat' dir='ltr'><strong>pictisque</strong></span> <span class='ocrx_word' id='word_1_197' title='bbox 542 2037 630 2098; x_wconf 82' lang='lat' dir='ltr'><strong>tapetis.</strong></span> 
     </span>
    </p>

    <p class='ocr_par' dir='ltr' id='par_1_3' title="bbox 96 2100 781 2620">
     <span class='ocr_line' id='line_1_30' title="bbox 96 2100 660 2162; baseline 0.005 -16"><span class='ocrx_word' id='word_1_198' title='bbox 96 2108 100 2113; x_wconf 78' lang='grc'><strong>’</strong></span> <span class='ocrx_word' id='word_1_199' title='bbox 118 2101 197 2147; x_wconf 85' lang='lat' dir='ltr'><strong>Aurea</strong></span> <span class='ocrx_word' id='word_1_200' title='bbox 207 2101 333 2161; x_wconf 86' lang='lat' dir='ltr'><strong>pectoribus</strong></span> <span class='ocrx_word' id='word_1_201' title='bbox 344 2101 441 2147; x_wconf 87' lang='lat' dir='ltr'><strong>demissa</strong></span> <span class='ocrx_word' id='word_1_202' title='bbox 450 2100 543 2148; x_wconf 89' lang='lat' dir='ltr'><strong>monilia</strong></span> <span class='ocrx_word' id='word_1_203' title='bbox 552 2101 660 2162; x_wconf 82' lang='lat' dir='ltr'><strong>pendent.</strong></span> 
     </span>
     <span class='ocr_line' id='line_1_31' title="bbox 118 2163 737 2219; baseline 0.003 -7"><span class='ocrx_word' id='word_1_204' title='bbox 118 2163 185 2212; x_wconf 88' lang='lat' dir='ltr'><strong>Tsoti</strong></span> <span class='ocrx_word' id='word_1_205' title='bbox 196 2179 257 2219; x_wconf 80' lang='lat' dir='ltr'><strong>auro,</strong></span> <span class='ocrx_word' id='word_1_206' title='bbox 269 2164 356 2213; x_wconf 84' lang='lat' dir='ltr'><strong>fulvum</strong></span> <span class='ocrx_word' id='word_1_207' title='bbox 365 2165 476 2211; x_wconf 88' lang='lat' dir='ltr'><strong>mandunt</strong></span> <span class='ocrx_word' id='word_1_208' title='bbox 485 2167 526 2212; x_wconf 88' lang='lat' dir='ltr'><strong>sub</strong></span> <span class='ocrx_word' id='word_1_209' title='bbox 537 2165 640 2214; x_wconf 84' lang='lat' dir='ltr'><strong>dentibus</strong></span> <span class='ocrx_word' id='word_1_210' title='bbox 650 2182 737 2219; x_wconf 74' lang='lat' dir='ltr'><strong>aurum.</strong></span> 
     </span>
     <span class='ocr_line' id='line_1_32' title="bbox 119 2228 781 2294; baseline 0.006 -18"><span class='ocrx_word' id='word_1_211' title='bbox 119 2229 216 2278; x_wconf 84' lang='lat' dir='ltr'><strong>Absenti</strong></span> <span class='ocrx_word' id='word_1_212' title='bbox 227 2228 311 2276; x_wconf 85' lang='lat' dir='ltr'><strong>AEneae</strong></span> <span class='ocrx_word' id='word_1_213' title='bbox 321 2245 411 2276; x_wconf 84' lang='lat' dir='ltr'><strong>currum</strong></span> <span class='ocrx_word' id='word_1_214' title='bbox 421 2232 570 2292; x_wconf 79' lang='lat' dir='ltr'><strong>geminosque</strong></span> <span class='ocrx_word' id='word_1_215' title='bbox 580 2231 680 2294; x_wconf 73' lang='lat' dir='ltr'><strong>Jugslss,</strong></span> <span class='ocrx_word' id='word_1_216' title='bbox 736 2239 781 2285; x_wconf 72' lang='lat' dir='ltr'><strong>m</strong></span> 
     </span>
     <span class='ocr_line' id='line_1_33' title="bbox 120 2293 682 2358; baseline 0.002 -16"><span class='ocrx_word' id='word_1_217' title='bbox 120 2293 212 2342; x_wconf 81' lang='lat' dir='ltr'><strong>Semine</strong></span> <span class='ocrx_word' id='word_1_218' title='bbox 223 2294 250 2340; x_wconf 91' lang='lat' dir='ltr'><strong>ab</strong></span> <span class='ocrx_word' id='word_1_219' title='bbox 261 2294 366 2348; x_wconf 86' lang='lat' dir='ltr'><strong>aetbereo,</strong></span> <span class='ocrx_word' id='word_1_220' title='bbox 377 2295 487 2356; x_wconf 87' lang='lat' dir='ltr'><strong>spirantes</strong></span> <span class='ocrx_word' id='word_1_221' title='bbox 497 2296 587 2342; x_wconf 90' lang='lat' dir='ltr'><strong>naribus</strong></span> <span class='ocrx_word' id='word_1_222' title='bbox 596 2296 682 2358; x_wconf 80' lang='lat' dir='ltr'><strong>ignem,</strong></span> 
     </span>
     <span class='ocr_line' id='line_1_34' title="bbox 119 2357 652 2421; baseline 0.004 -13"><span class='ocrx_word' id='word_1_223' title='bbox 119 2357 214 2408; x_wconf 91' lang='lat' dir='ltr'><strong>Illorum</strong></span> <span class='ocrx_word' id='word_1_224' title='bbox 226 2359 254 2406; x_wconf 92' lang='lat' dir='ltr'><strong>de</strong></span> <span class='ocrx_word' id='word_1_225' title='bbox 265 2366 341 2421; x_wconf 80' lang='lat' dir='ltr'><strong>gente,</strong></span> <span class='ocrx_word' id='word_1_226' title='bbox 352 2359 408 2421; x_wconf 85' lang='lat' dir='ltr'><strong>patri</strong></span> <span class='ocrx_word' id='word_1_227' title='bbox 419 2375 477 2420; x_wconf 88' lang='lat' dir='ltr'><strong>quos</strong></span> <span class='ocrx_word' id='word_1_228' title='bbox 487 2360 573 2408; x_wconf 80' lang='lat' dir='ltr'><strong>daedsla</strong></span> <span class='ocrx_word' id='word_1_229' title='bbox 584 2357 652 2410; x_wconf 78' lang='lat' dir='ltr'><strong>circe</strong></span> 
     </span>
     <span class='ocr_line' id='line_1_35' title="bbox 121 2421 639 2486; baseline 0.002 -13"><span class='ocrx_word' id='word_1_230' title='bbox 121 2421 242 2486; x_wconf 76' lang='lat' dir='ltr'><strong>suppositi</strong></span> <span class='ocrx_word' id='word_1_231' title='bbox 251 2423 279 2470; x_wconf 90' lang='lat' dir='ltr'><strong>de</strong></span> <span class='ocrx_word' id='word_1_232' title='bbox 289 2429 361 2470; x_wconf 85' lang='lat' dir='ltr'><strong>matre</strong></span> <span class='ocrx_word' id='word_1_233' title='bbox 371 2424 454 2471; x_wconf 88' lang='lat' dir='ltr'><strong>nothos</strong></span> <span class='ocrx_word' id='word_1_234' title='bbox 463 2424 538 2474; x_wconf 84' lang='lat' dir='ltr'><strong>furata</strong></span> <span class='ocrx_word' id='word_1_235' title='bbox 547 2427 639 2474; x_wconf 75' lang='lat' dir='ltr'><strong>creavit.</strong></span> 
     </span>
     <span class='ocr_line' id='line_1_36' title="bbox 120 2487 619 2551; baseline 0.006 -15"><span class='ocrx_word' id='word_1_236' title='bbox 120 2487 213 2536; x_wconf 84' lang='lat' dir='ltr'><strong>Talibus</strong></span> <span class='ocrx_word' id='word_1_237' title='bbox 223 2488 335 2536; x_wconf 82' lang='lat' dir='ltr'><strong>AEnesdae</strong></span> <span class='ocrx_word' id='word_1_238' title='bbox 345 2489 410 2535; x_wconf 89' lang='lat' dir='ltr'><strong>donis</strong></span> <span class='ocrx_word' id='word_1_239' title='bbox 420 2489 531 2551; x_wconf 84' lang='lat' dir='ltr'><strong>dictisque</strong></span> <span class='ocrx_word' id='word_1_240' title='bbox 542 2490 619 2538; x_wconf 89' lang='lat' dir='ltr'><strong>Latini</strong></span> 
     </span>
     <span class='ocr_line' id='line_1_37' title="bbox 121 2553 717 2620; baseline 0.01 -21"><span class='ocrx_word' id='word_1_241' title='bbox 121 2554 233 2603; x_wconf 87' lang='lat' dir='ltr'><strong>Sublimes</strong></span> <span class='ocrx_word' id='word_1_242' title='bbox 243 2554 267 2599; x_wconf 93' lang='lat' dir='ltr'><strong>in</strong></span> <span class='ocrx_word' id='word_1_243' title='bbox 278 2554 341 2615; x_wconf 88' lang='lat' dir='ltr'><strong>equis</strong></span> <span class='ocrx_word' id='word_1_244' title='bbox 352 2553 451 2607; x_wconf 87' lang='lat' dir='ltr'><strong>redeunt,</strong></span> <span class='ocrx_word' id='word_1_245' title='bbox 462 2570 586 2618; x_wconf 83' lang='lat' dir='ltr'><strong>pacemque</strong></span> <span class='ocrx_word' id='word_1_246' title='bbox 596 2566 717 2620; x_wconf 58' lang='lat' dir='ltr'><strong>reportent.</strong></span> 
     </span>
    </p>

    <p class='ocr_par' dir='ltr' id='par_1_4' title="bbox 154 2615 721 2687">
     <span class='ocr_line' id='line_1_38' title="bbox 154 2615 721 2687; baseline 0.005 -18"><span class='ocrx_word' id='word_1_247' title='bbox 154 2617 215 2669; x_wconf 79' lang='lat' dir='ltr'><strong>Ecce</strong></span> <span class='ocrx_word' id='word_1_248' title='bbox 225 2628 300 2668; x_wconf 84' lang='lat' dir='ltr'><strong>tutem</strong></span> <span class='ocrx_word' id='word_1_249' title='bbox 312 2615 410 2667; x_wconf 88' lang='lat' dir='ltr'><strong>Inachiis</strong></span> <span class='ocrx_word' id='word_1_250' title='bbox 421 2633 471 2667; x_wconf 86' lang='lat' dir='ltr'><strong>sese</strong></span> <span class='ocrx_word' id='word_1_251' title='bbox 482 2619 591 2670; x_wconf 72' lang='lat' dir='ltr'><strong>referebat</strong></span> <span class='ocrx_word' id='word_1_252' title='bbox 601 2623 629 2672; x_wconf 78' lang='lat' dir='ltr'><strong>ab</strong></span> <span class='ocrx_word' id='word_1_253' title='bbox 639 2622 721 2687; x_wconf 66' lang='lat' dir='ltr'><strong>Argis,</strong></span> 
     </span>
    </p>
   </div>
   <div class='ocr_carea' id='block_1_3' title="bbox 0 0 869 2925">
    <p class='ocr_par' dir='ltr' id='par_1_5' title="bbox 0 0 869 2925">
     <span class='ocr_line' id='line_1_39' title="bbox 0 0 869 2925; baseline 0 0"><span class='ocrx_word' id='word_1_254' title='bbox 0 0 869 2925; x_wconf 95' lang='lat' dir='ltr'><strong> </strong></span> 
     </span>
    </p>
   </div>
  </div>
 </body>
</html>
