1709 2925
167 105 200 153 se
351 99 655 176 orobanchen

167 230 293 295 Ingredior‚
304 240 394 282 sanctos
404 248 473 281 ausus
483 233 597 282 recludere
606 232 697 295 sontem

117 319 119 326 ⁴
166 298 330 359 Ascraeumque
340 314 396 346 cano
406 298 512 346 Romana
522 315 562 362 pet
573 299 654 361 oppida
663 316 762 349 carmen.
807 345 808 350 ,

200 362 270 410 Nune
279 362 343 409 loeus
353 379 458 411 arvorum
469 365 580 426 ingeniis3
595 380 648 425 quae
658 366 834 430 ruborumque,

167 426 227 482 Quis
238 428 306 482 color,
317 435 341 474 et
351 443 403 489 quae
413 429 443 475 sit
453 428 518 476 rebus
528 438 610 477 nature
617 429 723 479 ferendis.

167 491 279 540 Difficiles
289 493 385 555 numum
396 500 469 549 terrae,
481 494 595 554 collesque
606 495 705 557 maligni,

167 555 254 604 Tenuis
265 557 302 604 nbi
312 558 392 619 argilla
402 565 424 604 et
434 558 535 606 dumosis
546 559 643 606 calculus
654 562 721 617 arsis,
788 563 833 606 18⁰

169 619 270 668 Palladiis
279 623 379 684 gaudent
389 620 446 670 silvai
455 624 541 670 nracis
551 623 625 671 olivae.

168 684 257 734 Indicio
267 695 302 735 est
312 694 385 734 tractu
396 703 491 750 surgens
502 689 598 735 oleaster
608 689 688 736 eodem

169 749 290 807 Plurimus,
301 760 325 798 et
335 753 399 799 strati
408 753 483 799 baucis
493 752 631 800 silvestribus
641 754 699 816 egri.

168 815 203 863 At
214 832 265 878 quae
275 817 365 879 pinguis
375 817 464 872 humus,
475 816 578 878 dulcique
589 818 675 880 uligine
684 818 745 874 laeta,

169 879 261 942 Quique
270 881 376 941 frequens
385 882 460 929 herbis
469 889 493 928 et
501 881 581 929 fertilis
592 883 659 928 ubere
669 897 779 946 cemprm

169 944 267 1000 Qualem
278 961 338 1006 saepe
348 945 405 993 cnud
414 947 499 993 montis
509 947 611 993 convelle
620 947 720 994 solemus

169 1009 294 1073 Dispicere,
308 1011 363 1072 (buc
374 1012 467 1057 summis
476 1012 592 1071 liquuntur
603 1013 695 1074 rupibus
705 1025 793 1070 amnes,

169 1074 313 1136 Felicemque
322 1077 414 1122 trabunt
423 1075 514 1136 limum)
526 1077 607 1138 quique
617 1077 690 1125 editus
700 1078 796 1132 Austro,

169 1140 205 1189 Et
214 1140 296 1186 filicem
308 1142 383 1187 cursis
393 1141 489 1187 invisam
499 1142 571 1203 pascit
580 1142 672 1200 aratris3

170 1204 219 1254 Hic
230 1205 268 1252 tibi
278 1205 410 1267 prevalides
420 1206 475 1251 olim
486 1205 601 1267 multoque
610 1204 707 1255 fluentes
789 1208 833 1254 19⁰

171 1268 272 1317 Sufficiet
283 1269 374 1317 Baccho
384 1270 458 1327 vites5
476 1270 512 1317 bic
522 1270 602 1318 fertilis
612 1286 670 1328 uvae,

170 1333 219 1383 Hic
229 1335 307 1396 laticis,
318 1336 405 1395 qualem
416 1336 499 1398 pateris
509 1334 603 1383 libamus
613 1345 638 1383 et
647 1352 710 1393 ausc,

169 1398 263 1447 Inflavit
273 1415 325 1445 cuna
335 1400 426 1462 pinguis
437 1400 491 1447 ebur
502 1398 634 1462 Tyrrhenus
645 1401 672 1449 ed
683 1416 741 1459 aras.

169 1462 285 1513 Lancibus
296 1473 320 1512 et
329 1466 408 1528 pandis
418 1465 528 1515 fumantia
538 1467 650 1515 reddimus
660 1474 721 1515 exta.

171 1530 212 1581 Sin
223 1537 323 1576 armenta
335 1531 408 1592 magis
419 1531 517 1577 studium
528 1532 655 1595 vitulosque
664 1532 734 1588 tueri.

170 1595 220 1643 Aut
230 1593 290 1641 fetus
301 1595 383 1650 ovium,
396 1602 436 1641 aut
448 1603 539 1642 urentes
550 1598 610 1643 culta
620 1597 724 1660 capellas,

171 1660 254 1714 Saltus,
266 1667 289 1706 et
300 1659 369 1706 saturi
378 1660 451 1721 petito
461 1659 587 1721 longinqua
596 1660 698 1718 Terenti.
747 1700 760 1729 ,

170 1724 204 1774 Et
214 1724 303 1786 qualem
313 1723 392 1770 infelix
402 1725 477 1770 amisit
489 1724 587 1771 Mantua
597 1737 709 1785 campum,

170 1789 306 1839 Pascentem
317 1789 397 1836 niueos
408 1789 503 1836 herboso
514 1788 608 1835 flumine
618 1803 712 1848 cycnos.

170 1853 226 1903 Nan
236 1854 314 1915 liquidi
325 1854 433 1917 gregibus
443 1853 527 1911 fontes,
538 1868 583 1900 non
594 1854 697 1915 gramina
708 1854 815 1912 deerunts

170 1919 211 1974 Er,
223 1928 330 1980 quantum
341 1919 416 1981 longis
427 1924 520 1980 carpent
530 1926 630 1965 armenta
640 1918 724 1976 diebus,
788 1920 829 1968 201

170 1982 265 2046 Exigud
275 1992 363 2031 tautum
374 1983 463 2045 gelidus
474 1998 511 2028 ros
522 1992 589 2029 nocte
599 1991 701 2046 reponet.

170 2047 247 2110 Nigra
255 2048 304 2095 fere
314 2056 338 2094 et
347 2063 426 2110 presso
436 2047 527 2109 pinguis
538 2048 579 2094 sub
589 2059 681 2095 vomere
692 2052 758 2105 terra,

169 2112 204 2161 Et
215 2112 251 2159 cui
261 2120 326 2174 putre
336 2113 409 2159 solum
421 2113 529 2177 (nemque
540 2113 582 2159 hoc
593 2113 707 2160 imitamur
718 2111 817 2174 arande).

172 2175 265 2239 Optime
274 2176 405 2224 frumentis:
425 2192 472 2223 non
483 2176 529 2227 ullo
540 2192 569 2224 ex
580 2193 671 2238 aequore
681 2193 761 2226 cernes

172 2240 243 2289 Plura
253 2241 344 2287 domum
355 2242 424 2288 tardis
435 2241 543 2288 decedere
553 2242 777 2306 plaustrsjuvencis5

172 2306 229 2365 Aut,
241 2306 300 2352 unde
310 2305 379 2352 iratus
390 2305 469 2352 silvam
481 2305 571 2367 devexit
581 2315 661 2364 aratur,

79 2388 82 2395 ’
171 2368 206 2419 Et
216 2384 308 2417 nemora
318 2370 399 2416 evertit
408 2371 492 2421 multos
502 2372 585 2432 ignem
594 2387 634 2434 pet
645 2387 726 2431 annos,

172 2434 331 2496 Antiquusque
341 2435 420 2481 domos
431 2435 506 2481 avium
517 2451 569 2482 curn
580 2438 685 2499 stirpibus
696 2439 749 2487 imis

172 2499 254 2549 Eruit:
273 2498 318 2545 illae
328 2498 398 2545 altum
409 2499 467 2546 nidis
478 2498 561 2560 petiere
572 2501 671 2560 relictis;
788 2501 831 2547 210

174 2565 209 2611 At
219 2564 280 2612 rudis
289 2563 370 2610 enituit
379 2563 476 2625 impulso
486 2580 578 2611 vomere
588 2581 689 2628 campus.

174 2626 236 2676 Nam
242 2629 320 2693 jejuna
331 2627 420 2690 quidem
431 2628 509 2677 clivosi
519 2628 596 2694 glarea
607 2631 664 2682 ruris
