1709 2925
232 474 270 539 P.
286 471 493 539 VIRGILII
508 470 739 542 MARONIS

290 694 293 699 ,
370 611 597 689 AENEiDOS

317 767 441 819 maara
463 766 662 819 oacruus

150 1065 283 1114 Pareamus.
292 1066 377 1112 interea
388 1065 469 1112 domus
482 1063 645 1125 omnipotentis
656 1062 759 1127 Olympi,

150 1128 322 1190 Consiliumque
332 1137 400 1178 vocat
407 1127 497 1177 Divdm
507 1134 571 1190 puter
578 1136 648 1189 atque
656 1129 775 1176 homiuum
782 1139 817 1174 rex

149 1195 265 1243 sideream
274 1195 300 1242 iu
311 1195 401 1252 sedem3
418 1201 490 1241 terras
501 1193 561 1239 uude
572 1193 657 1240 arduus
666 1209 760 1253 omum,

102 1253 119 1259 “
150 1257 279 1323 Castraque
295 1259 452 1308 Dardanidum
473 1259 595 1321 adspectat,
613 1259 759 1322 populosque
775 1256 816 1305 Ia·

247 1327 315 1374 tinas.

152 1389 282 1440 Considunt
292 1391 358 1438 tectis
367 1389 523 1452 bipatentibus.
556 1386 641 1450 Incipit
651 1390 718 1451 ipse:

184 1453 302 1504 coelicolae
312 1456 397 1519 magni,
408 1456 514 1517 quianam
525 1455 638 1501 sententia
648 1454 716 1502 vobis

148 1519 226 1568 Versa
235 1528 305 1578 retro,
316 1528 449 1581 tantumque
459 1520 540 1567 animis
550 1521 641 1567 certatis
652 1520 758 1581 iniquis?

151 1587 283 1634 Abnueram
293 1587 353 1634 bello
364 1583 455 1633 Italiam
467 1600 601 1632 concurrere
610 1583 715 1634 Teucris.

151 1652 213 1707 Quae
223 1660 302 1699 contra
312 1652 407 1699 vetitum
418 1649 548 1697 discordia?
564 1650 618 1711 quis,
626 1662 702 1698 metus
710 1659 756 1699 aut
766 1653 805 1699 hos

149 1718 201 1766 Aut
211 1718 253 1764 hos
263 1732 326 1764 arma
336 1717 405 1779 sequi,
413 1715 544 1776 ferrumque
553 1716 667 1762 lacessere
677 1716 768 1764 suasit?
790 1719 818 1764 10

150 1782 267 1831 Adveniet
272 1784 360 1845 justum
370 1796 457 1844 pugnae
467 1783 510 1845 (ue
518 1778 637 1841 arcessite)
649 1790 750 1844 tempus,

152 1845 214 1898 Cum
223 1848 272 1896 fera
283 1846 398 1910 Carthago
409 1846 522 1893 Romanis
532 1844 620 1892 arcibus
631 1845 687 1892 olim

151 1912 256 1961 Exitium
267 1928 375 1976 maguum
386 1919 455 1973 atque
465 1910 537 1972 Alpes
547 1911 654 1957 immittet
665 1917 771 1973 apertas:

147 1976 213 2025 Trun
224 1987 310 2027 certare
320 1978 384 2032 odiis,
395 1985 444 2024 tum
456 1991 491 2023 res
503 1976 602 2037 rapuisse
613 1975 698 2023 licebit.

151 2041 223 2091 Nunc
234 2044 307 2099 sinite,
319 2050 342 2091 et
351 2041 459 2105 placitum
469 2040 517 2088 laeti
526 2041 657 2102 componite
666 2040 752 2089 soedus.

184 2106 274 2169 Jupiter
285 2110 334 2158 haee
344 2108 421 2171 paucis
427 2123 437 2167 3
453 2113 478 2154 at
488 2120 534 2154 nou
545 2104 627 2153 Venus
638 2120 708 2153 aurea
717 2115 798 2156 eontra

150 2170 228 2219 Pauca
238 2172 320 2220 refert:

151 2237 174 2285 0
186 2235 261 2293 Pater,
273 2254 287 2285 o
297 2239 415 2285 hominum
426 2236 561 2297 Divquue
571 2241 658 2283 aterna
667 2237 784 2298 potestas!

152 2301 271 2368 (Namque
288 2302 348 2428 aliuil
364 2302 417 2363 quid
433 2304 469 2358 sit,
487 2300 548 2363 quod
559 2303 609 2365 J'am
624 2301 747 2364 implorare
765 2318 817 2365 qus·

233 2367 235 2380 ¹
247 2367 328 2415 amus?
428 2392 431 2400 ·

151 2429 270 2486 Ceraisut
280 2431 390 2482 insultent
400 2430 489 2487 Rutuli,
500 2430 638 2492 Turnusque
648 2429 736 2482 feratur
787 2436 816 2480 ΞΟ

150 2495 197 2543 Per
208 2498 295 2544 medios
304 2496 400 2558 insignis
411 2499 482 2557 equis,
494 2498 638 2557 tumidusque
648 2498 752 2544 secundo

149 2559 228 2608 Marte
236 2561 303 2608 ruat?
320 2560 599 2625 Noncluusateguutjam
608 2562 816 2622 moeuiaTeueras;

150 2622 214 2676 Quin
225 2627 283 2672 intra
293 2635 369 2687 portus
379 2632 447 2686 atque
457 2627 513 2687 ipsis
522 2627 604 2688 praelia
614 2628 714 2675 miscent

105 2731 107 2736 .
149 2686 280 2751 Aggeribus
290 2704 413 2748 murorum,
424 2697 449 2737 et
458 2690 571 2741 iuuudaut
581 2693 695 2756 sauguine
704 2693 782 2743 fosse.
