1709 2925
123 155 140 199 6
297 150 482 203 BUOOLICA.
500 152 559 203 Eos..
570 152 620 205 ΙΙΙ.
686 148 688 152 ’

129 280 205 342 Quem
219 280 287 345 iugis,
305 285 333 330 ah
350 283 460 332 demens?
476 283 637 333 habitiruntdi
651 300 740 348 quoque
754 288 799 335 sil-

169 353 174 364 '
241 363 265 394 as

225 364 240 395 v
266 380 272 401 ‚
762 358 801 401 60

128 409 303 472 Dardaniusque
311 411 383 461 Paris.
416 413 499 470 Pallas,
510 428 567 475 quas
577 416 676 463 condidit
687 431 756 474 arces,

131 473 186 535 Ipsa
197 476 270 524 solat:
290 478 355 523 nobis
365 479 469 540 placeant
478 486 531 526 ante
541 481 618 527 omnis
628 481 700 528 silvae.

130 538 208 587 Torva
218 542 290 589 leaena
300 542 378 604 lupum
390 544 505 602 sequitur;
521 545 587 605 lupus
598 546 646 606 ipse
656 547 780 607 capellam

131 603 262 653 Florentem
273 607 369 667 cytisum
381 608 482 668 sequitur
491 608 575 656 lasciva
584 610 682 670 supells3

131 668 169 716 Te
181 667 297 732 Corydon,
307 687 322 717 ο
333 671 417 719 Alexi:
437 673 505 719 trahit
516 688 556 719 sua
565 689 677 736 quemque
686 677 802 739 voluptas.

131 733 238 797 Adspice,
250 743 322 783 aratra
327 737 387 799 jugo
398 736 499 784 referunt
508 753 616 800 suspensa
620 741 721 801 juvenci,

132 797 167 847 Et
178 799 213 847 sol
222 809 349 849 crescentes
360 803 471 850 decedens
481 802 579 863 duplicst
589 805 692 851 umbras:

132 862 176 911 Me
187 872 262 913 tamen
273 867 318 913 urit
327 882 407 923 amon
424 868 475 927 quis
485 868 546 914 enim
554 869 635 916 modus
642 870 700 917 adsit
710 873 802 919 amori?

131 929 171 976 Ah
184 927 306 991 Corydon!
325 930 448 993 Corydon!
466 947 518 993 quae
528 940 552 979 te
562 934 675 996 dedentis
684 936 761 998 cepit?

133 993 273 1056 Semiputata
280 996 320 1043 tibi
329 995 438 1044 frondosd
448 998 501 1044 vitis
510 998 535 1044 in
545 999 607 1045 ulmo
618 1005 660 1046 est.
766 1005 801 1050 70

132 1057 196 1112 Quin
207 1068 231 1107 tu
242 1060 325 1122 aliquid
334 1062 414 1109 saltem
424 1063 506 1123 potius,
517 1078 612 1123 quorum
623 1064 709 1129 indiget
720 1080 784 1123 usus,

133 1122 262 1172 viminibus
273 1126 379 1189 mollique
388 1143 454 1189 paras
464 1127 570 1175 detexere
575 1129 665 1190 junco?

134 1185 241 1238 Invenies
250 1191 326 1248 alium,
338 1192 357 1241 si
367 1200 391 1241 te
401 1193 438 1240 hie
447 1192 541 1252 fastidit,
552 1193 644 1243 Alexin.

363 1383 505 1439 ECLOGA
521 1385 569 1434 111.

400 1540 531 1588 Potamon.

234 1704 372 1738 sumuss-
403 1708 534 1741 nmmum.
566 1708 698 1743 PAOEMOK·

395 1835 534 1868 muamus.

134 1899 185 1948 Dte
195 1899 258 1958 mihi,
269 1900 384 1958 Damoeta,
393 1903 468 1966 cujum
479 1901 565 1963 pecus?
581 1919 611 1950 sn
621 1902 745 1957 Meliboei?

399 2032 530 2065 naumaas.

133 2094 205 2154 Non3
222 2110 300 2145 verum
311 2094 424 2163 AEgopis:
444 2112 516 2159 nuper
525 2099 580 2145 mihi
590 2100 680 2147 tradidit
689 2100 779 2164 AEgon.

394 2224 533 2256 muamus.

132 2288 218 2338 Infelix
229 2306 243 2336 ο
254 2305 349 2352 semper,
361 2306 423 2344 oves,
435 2290 516 2351 pecus!
535 2292 582 2353 ipse
594 2290 701 2340 Neaeram

132 2354 198 2403 Dum
206 2354 274 2409 fovet,
286 2370 321 2412 sc,
333 2370 362 2401 ne
373 2371 410 2402 me
420 2355 461 2400 sibi
472 2353 577 2416 praeferat
587 2357 631 2411 ills,
643 2366 741 2416 veretur,

133 2418 183 2466 Hic
194 2419 278 2466 alienus
290 2435 345 2466 oves
355 2426 432 2466 custos
442 2420 476 2465 bis
487 2420 574 2482 mulget
584 2421 607 2467 in
618 2420 687 2470 horda

132 2482 167 2533 Et
178 2499 258 2532 succus
268 2484 349 2547 pecori,
361 2491 384 2530 et
394 2484 429 2531 lac
436 2483 566 2531 subducitur
576 2486 648 2548 agnis.

297 2646 299 2651 ⁴
399 2613 531 2645 nsuoeass.

131 2677 225 2728 Parcius
236 2677 280 2726 ista
289 2678 344 2727 viris
354 2685 430 2727 tamen
441 2679 565 2747 objicienda
574 2686 696 2729 memento.
