<?xml version="1.0" encoding="UTF-8"?>
<!DOCTYPE html PUBLIC "-//W3C//DTD XHTML 1.0 Transitional//EN"
    "http://www.w3.org/TR/xhtml1/DTD/xhtml1-transitional.dtd">
<html xmlns="http://www.w3.org/1999/xhtml" xml:lang="en" lang="en">
 <head>
  <title>
</title>
<meta http-equiv="Content-Type" content="text/html;charset=utf-8" />
  <meta name='ocr-system' content='tesseract 3.04.00' />
  <meta name='ocr-capabilities' content='ocr_page ocr_carea ocr_par ocr_line ocrx_word'/>
</head>
<body>
  <div class='ocr_page' id='page_1' title='image "./pvirgiliimaroni00heyngoog_0197.png"; bbox 0 0 1709 2925; ppageno 0'>
   <div class='ocr_carea' id='block_1_1' title="bbox 276 178 754 237">
    <p class='ocr_par' dir='ltr' id='par_1_1' title="bbox 276 178 754 237">
     <span class='ocr_line' id='line_1_1' title="bbox 276 178 754 237; baseline 0.006 -6"><span class='ocrx_word' id='word_1_1' title='bbox 276 178 445 237; x_wconf 76' lang='lat' dir='ltr'><strong>AENEIDOS</strong></span> <span class='ocrx_word' id='word_1_2' title='bbox 463 178 518 230; x_wconf 81' lang='lat' dir='ltr'><strong>Lu.</strong></span> <span class='ocrx_word' id='word_1_3' title='bbox 528 180 560 231; x_wconf 84' lang='lat' dir='ltr'><strong>V.</strong></span> <span class='ocrx_word' id='word_1_4' title='bbox 707 188 754 235; x_wconf 82' lang='grc'><strong>187</strong></span> 
     </span>
    </p>
   </div>
   <div class='ocr_carea' id='block_1_2' title="bbox 13 309 813 2714">
    <p class='ocr_par' dir='ltr' id='par_1_2' title="bbox 63 309 313 374">
     <span class='ocr_line' id='line_1_2' title="bbox 63 309 313 374; baseline -0.016 -11"><span class='ocrx_word' id='word_1_5' title='bbox 63 314 179 363; x_wconf 85' lang='lat' dir='ltr'><strong>Tertius</strong></span> <span class='ocrx_word' id='word_1_6' title='bbox 189 309 313 374; x_wconf 77' lang='lat' dir='ltr'><strong>Euryalus.</strong></span> 
     </span>
    </p>

    <p class='ocr_par' dir='ltr' id='par_1_3' title="bbox 13 376 755 960">
     <span class='ocr_line' id='line_1_3' title="bbox 13 376 755 445; baseline 0.007 -22"><span class='ocrx_word' id='word_1_7' title='bbox 13 424 18 431; x_wconf 78' lang='grc'>,</span> <span class='ocrx_word' id='word_1_8' title='bbox 60 379 257 441; x_wconf 72' lang='lat' dir='ltr'><strong>Euryalumque</strong></span> <span class='ocrx_word' id='word_1_9' title='bbox 266 376 382 438; x_wconf 77' lang='lat' dir='ltr'><strong>Helymus</strong></span> <span class='ocrx_word' id='word_1_10' title='bbox 390 377 503 437; x_wconf 86' lang='lat' dir='ltr'><strong>sequitur;</strong></span> <span class='ocrx_word' id='word_1_11' title='bbox 514 392 560 438; x_wconf 86' lang='lat' dir='ltr'><strong>quo</strong></span> <span class='ocrx_word' id='word_1_12' title='bbox 571 377 698 428; x_wconf 82' lang='lat' dir='ltr'><strong>deindesub</strong></span> <span class='ocrx_word' id='word_1_13' title='bbox 706 380 755 445; x_wconf 85' lang='lat' dir='ltr'><strong>ipso</strong></span> 
     </span>
     <span class='ocr_line' id='line_1_4' title="bbox 64 442 664 504; baseline -0.005 -11"><span class='ocrx_word' id='word_1_14' title='bbox 64 444 147 493; x_wconf 84' lang='lat' dir='ltr'><strong>Ecce</strong></span> <span class='ocrx_word' id='word_1_15' title='bbox 160 443 230 498; x_wconf 82' lang='lat' dir='ltr'><strong>volat,</strong></span> <span class='ocrx_word' id='word_1_16' title='bbox 241 442 371 502; x_wconf 76' lang='lat' dir='ltr'><strong>calcemque</strong></span> <span class='ocrx_word' id='word_1_17' title='bbox 381 443 434 488; x_wconf 87' lang='lat' dir='ltr'><strong>terit</strong></span> <span class='ocrx_word' id='word_1_18' title='bbox 439 444 488 504; x_wconf 83' lang='lat' dir='ltr'><strong>jum</strong></span> <span class='ocrx_word' id='word_1_19' title='bbox 499 443 560 490; x_wconf 84' lang='lat' dir='ltr'><strong>ealce</strong></span> <span class='ocrx_word' id='word_1_20' title='bbox 572 443 664 500; x_wconf 87' lang='lat' dir='ltr'><strong>Diores,</strong></span> 
     </span>
     <span class='ocr_line' id='line_1_5' title="bbox 67 507 701 571; baseline 0.002 -15"><span class='ocrx_word' id='word_1_21' title='bbox 67 508 224 556; x_wconf 88' lang='lat' dir='ltr'><strong>Incumbens</strong></span> <span class='ocrx_word' id='word_1_22' title='bbox 235 509 344 554; x_wconf 73' lang='lat' dir='ltr'><strong>humeros</strong></span> <span class='ocrx_word' id='word_1_23' title='bbox 363 507 435 569; x_wconf 81' lang='lat' dir='ltr'><strong>spatia</strong></span> <span class='ocrx_word' id='word_1_24' title='bbox 444 514 468 553; x_wconf 89' lang='lat' dir='ltr'><strong>et</strong></span> <span class='ocrx_word' id='word_1_25' title='bbox 480 508 497 552; x_wconf 87' lang='lat' dir='ltr'><strong>si</strong></span> <span class='ocrx_word' id='word_1_26' title='bbox 508 507 573 568; x_wconf 84' lang='lat' dir='ltr'><strong>plura</strong></span> <span class='ocrx_word' id='word_1_27' title='bbox 583 512 701 571; x_wconf 78' lang='lat' dir='ltr'><strong>supersint,</strong></span> 
     </span>
     <span class='ocr_line' id='line_1_6' title="bbox 67 572 674 636; baseline 0 -15"><span class='ocrx_word' id='word_1_28' title='bbox 67 572 200 624; x_wconf 76' lang='lat' dir='ltr'><strong>Transeat</strong></span> <span class='ocrx_word' id='word_1_29' title='bbox 209 573 299 634; x_wconf 83' lang='lat' dir='ltr'><strong>elapsus</strong></span> <span class='ocrx_word' id='word_1_30' title='bbox 308 573 375 633; x_wconf 89' lang='lat' dir='ltr'><strong>prior,</strong></span> <span class='ocrx_word' id='word_1_31' title='bbox 385 572 548 633; x_wconf 79' lang='lat' dir='ltr'><strong>ambiguumve</strong></span> <span class='ocrx_word' id='word_1_32' title='bbox 559 572 674 636; x_wconf 82' lang='lat' dir='ltr'><strong>relinquat.</strong></span> 
     </span>
     <span class='ocr_line' id='line_1_7' title="bbox 68 636 694 700; baseline -0.005 -13"><span class='ocrx_word' id='word_1_33' title='bbox 68 638 185 700; x_wconf 79' lang='lat' dir='ltr'><strong>Jamque</strong></span> <span class='ocrx_word' id='word_1_34' title='bbox 195 636 242 684; x_wconf 84' lang='lat' dir='ltr'><strong>fere</strong></span> <span class='ocrx_word' id='word_1_35' title='bbox 252 637 325 698; x_wconf 81' lang='lat' dir='ltr'><strong>spatio</strong></span> <span class='ocrx_word' id='word_1_36' title='bbox 335 645 444 690; x_wconf 85' lang='lat' dir='ltr'><strong>extremo,</strong></span> <span class='ocrx_word' id='word_1_37' title='bbox 455 636 560 697; x_wconf 75' lang='lat' dir='ltr'><strong>fessique,</strong></span> <span class='ocrx_word' id='word_1_38' title='bbox 572 638 613 684; x_wconf 87' lang='lat' dir='ltr'><strong>snb</strong></span> <span class='ocrx_word' id='word_1_39' title='bbox 623 639 694 700; x_wconf 80' lang='lat' dir='ltr'><strong>ipsam</strong></span> 
     </span>
     <span class='ocr_line' id='line_1_8' title="bbox 71 701 673 762; baseline -0.003 -12"><span class='ocrx_word' id='word_1_40' title='bbox 71 702 168 750; x_wconf 78' lang='lat' dir='ltr'><strong>Finem</strong></span> <span class='ocrx_word' id='word_1_41' title='bbox 179 702 345 756; x_wconf 75' lang='lat' dir='ltr'><strong>adventabant3</strong></span> <span class='ocrx_word' id='word_1_42' title='bbox 361 701 470 747; x_wconf 77' lang='lat' dir='ltr'><strong>leticum</strong></span> <span class='ocrx_word' id='word_1_43' title='bbox 481 702 592 762; x_wconf 78' lang='lat' dir='ltr'><strong>sanguine</strong></span> <span class='ocrx_word' id='word_1_44' title='bbox 602 701 673 752; x_wconf 76' lang='lat' dir='ltr'><strong>Nisus</strong></span> 
     </span>
     <span class='ocr_line' id='line_1_9' title="bbox 74 763 754 826; baseline -0.003 -12"><span class='ocrx_word' id='word_1_45' title='bbox 74 766 184 814; x_wconf 78' lang='lat' dir='ltr'><strong>Labitur</strong></span> <span class='ocrx_word' id='word_1_46' title='bbox 194 767 279 821; x_wconf 74' lang='lat' dir='ltr'><strong>infelix,</strong></span> <span class='ocrx_word' id='word_1_47' title='bbox 290 766 355 812; x_wconf 81' lang='lat' dir='ltr'><strong>eaesis</strong></span> <span class='ocrx_word' id='word_1_48' title='bbox 365 771 390 811; x_wconf 91' lang='lat' dir='ltr'><strong>nt</strong></span> <span class='ocrx_word' id='word_1_49' title='bbox 400 763 460 811; x_wconf 87' lang='lat' dir='ltr'><strong>forte</strong></span> <span class='ocrx_word' id='word_1_50' title='bbox 466 765 572 826; x_wconf 82' lang='lat' dir='ltr'><strong>juvencis</strong></span> <span class='ocrx_word' id='word_1_51' title='bbox 704 773 754 820; x_wconf 74' lang='lat'><strong>329</strong></span> 
     </span>
     <span class='ocr_line' id='line_1_10' title="bbox 75 829 737 891; baseline 0.005 -12"><span class='ocrx_word' id='word_1_52' title='bbox 75 831 164 879; x_wconf 82' lang='lat' dir='ltr'><strong>Fusus</strong></span> <span class='ocrx_word' id='word_1_53' title='bbox 173 833 269 885; x_wconf 82' lang='lat' dir='ltr'><strong>humum</strong></span> <span class='ocrx_word' id='word_1_54' title='bbox 279 830 406 891; x_wconf 81' lang='lat' dir='ltr'><strong>viridesque</strong></span> <span class='ocrx_word' id='word_1_55' title='bbox 416 844 483 891; x_wconf 85' lang='lat' dir='ltr'><strong>snper</strong></span> <span class='ocrx_word' id='word_1_56' title='bbox 493 829 642 878; x_wconf 79' lang='lat' dir='ltr'><strong>madefecerat</strong></span> <span class='ocrx_word' id='word_1_57' title='bbox 651 833 737 883; x_wconf 75' lang='lat' dir='ltr'><strong>hethas</strong></span> 
     </span>
     <span class='ocr_line' id='line_1_11' title="bbox 76 895 666 960; baseline -0.003 -16"><span class='ocrx_word' id='word_1_58' title='bbox 76 895 297 960; x_wconf 72' lang='lat' dir='ltr'><strong>Hicjuvenisjam</strong></span> <span class='ocrx_word' id='word_1_59' title='bbox 308 896 381 942; x_wconf 84' lang='lat' dir='ltr'><strong>victor</strong></span> <span class='ocrx_word' id='word_1_60' title='bbox 390 909 470 950; x_wconf 88' lang='lat' dir='ltr'><strong>ovsns,</strong></span> <span class='ocrx_word' id='word_1_61' title='bbox 483 895 578 957; x_wconf 79' lang='lat' dir='ltr'><strong>vestigia</strong></span> <span class='ocrx_word' id='word_1_62' title='bbox 588 912 666 957; x_wconf 73' lang='lat' dir='ltr'><strong>presso</strong></span> 
     </span>
    </p>

    <p class='ocr_par' dir='ltr' id='par_1_4' title="bbox 77 959 666 1085">
     <span class='ocr_line' id='line_1_12' title="bbox 77 959 666 1023; baseline 0.002 -14"><span class='ocrx_word' id='word_1_63' title='bbox 77 959 159 1009; x_wconf 87' lang='lat' dir='ltr'><strong>Haud</strong></span> <span class='ocrx_word' id='word_1_64' title='bbox 170 962 244 1008; x_wconf 85' lang='lat' dir='ltr'><strong>tenuit</strong></span> <span class='ocrx_word' id='word_1_65' title='bbox 254 961 347 1007; x_wconf 84' lang='lat' dir='ltr'><strong>titubata</strong></span> <span class='ocrx_word' id='word_1_66' title='bbox 355 960 420 1017; x_wconf 88' lang='lat' dir='ltr'><strong>solo;</strong></span> <span class='ocrx_word' id='word_1_67' title='bbox 435 960 478 1013; x_wconf 78' lang='lat' dir='ltr'><strong>sed</strong></span> <span class='ocrx_word' id='word_1_68' title='bbox 488 975 572 1021; x_wconf 85' lang='lat' dir='ltr'><strong>pronus</strong></span> <span class='ocrx_word' id='word_1_69' title='bbox 583 961 606 1006; x_wconf 91' lang='lat' dir='ltr'><strong>in</strong></span> <span class='ocrx_word' id='word_1_70' title='bbox 617 962 666 1023; x_wconf 86' lang='lat' dir='ltr'><strong>ipso</strong></span> 
     </span>
     <span class='ocr_line' id='line_1_13' title="bbox 79 1024 641 1085; baseline 0.004 -12"><span class='ocrx_word' id='word_1_71' title='bbox 79 1024 196 1074; x_wconf 84' lang='lat' dir='ltr'>Concidit</span> <span class='ocrx_word' id='word_1_72' title='bbox 206 1025 366 1085; x_wconf 88' lang='lat' dir='ltr'><strong>immundoque</strong></span> <span class='ocrx_word' id='word_1_73' title='bbox 375 1024 429 1071; x_wconf 88' lang='lat' dir='ltr'><strong>fimo</strong></span> <span class='ocrx_word' id='word_1_74' title='bbox 440 1039 548 1085; x_wconf 86' lang='lat' dir='ltr'><strong>sacroque</strong></span> <span class='ocrx_word' id='word_1_75' title='bbox 555 1040 641 1075; x_wconf 88' lang='lat' dir='ltr'><strong>cruore.</strong></span> 
     </span>
    </p>

    <p class='ocr_par' dir='ltr' id='par_1_5' title="bbox 77 1090 692 1219">
     <span class='ocr_line' id='line_1_14' title="bbox 77 1090 692 1150; baseline 0.003 -13"><span class='ocrx_word' id='word_1_76' title='bbox 77 1090 143 1138; x_wconf 87' lang='lat' dir='ltr'><strong>Non</strong></span> <span class='ocrx_word' id='word_1_77' title='bbox 154 1099 231 1139; x_wconf 80' lang='lat' dir='ltr'><strong>tumen</strong></span> <span class='ocrx_word' id='word_1_78' title='bbox 243 1090 345 1150; x_wconf 84' lang='lat' dir='ltr'><strong>Euryali,</strong></span> <span class='ocrx_word' id='word_1_79' title='bbox 356 1104 403 1137; x_wconf 90' lang='lat' dir='ltr'><strong>non</strong></span> <span class='ocrx_word' id='word_1_80' title='bbox 412 1090 452 1135; x_wconf 92' lang='lat' dir='ltr'><strong>ille</strong></span> <span class='ocrx_word' id='word_1_81' title='bbox 461 1090 544 1137; x_wconf 85' lang='lat' dir='ltr'><strong>oblitus</strong></span> <span class='ocrx_word' id='word_1_82' title='bbox 553 1105 670 1140; x_wconf 81' lang='lat' dir='ltr'><strong>umorum:</strong></span> <span class='ocrx_word' id='word_1_83' title='bbox 689 1118 692 1123; x_wconf 94' lang='lat'>·</span> 
     </span>
     <span class='ocr_line' id='line_1_15' title="bbox 78 1154 666 1219; baseline 0.007 -18"><span class='ocrx_word' id='word_1_84' title='bbox 78 1154 149 1203; x_wconf 83' lang='lat' dir='ltr'><strong>Nam</strong></span> <span class='ocrx_word' id='word_1_85' title='bbox 161 1171 212 1202; x_wconf 87' lang='lat' dir='ltr'><strong>sese</strong></span> <span class='ocrx_word' id='word_1_86' title='bbox 222 1156 326 1217; x_wconf 87' lang='lat' dir='ltr'><strong>opposuit</strong></span> <span class='ocrx_word' id='word_1_87' title='bbox 338 1155 400 1201; x_wconf 86' lang='lat' dir='ltr'><strong>Salio</strong></span> <span class='ocrx_word' id='word_1_88' title='bbox 408 1170 449 1216; x_wconf 85' lang='lat' dir='ltr'><strong>per</strong></span> <span class='ocrx_word' id='word_1_89' title='bbox 459 1155 543 1201; x_wconf 85' lang='lat' dir='ltr'><strong>lubrica</strong></span> <span class='ocrx_word' id='word_1_90' title='bbox 554 1171 666 1219; x_wconf 70' lang='lat' dir='ltr'><strong>surgens,</strong></span> 
     </span>
    </p>

    <p class='ocr_par' dir='ltr' id='par_1_6' title="bbox 81 1218 589 1282">
     <span class='ocr_line' id='line_1_16' title="bbox 81 1218 589 1282; baseline -0.002 -14"><span class='ocrx_word' id='word_1_91' title='bbox 81 1218 130 1268; x_wconf 89' lang='lat' dir='ltr'><strong>Ille</strong></span> <span class='ocrx_word' id='word_1_92' title='bbox 140 1227 217 1268; x_wconf 85' lang='lat' dir='ltr'><strong>antem</strong></span> <span class='ocrx_word' id='word_1_93' title='bbox 229 1218 300 1282; x_wconf 74' lang='lat' dir='ltr'><strong>spissi</strong></span> <span class='ocrx_word' id='word_1_94' title='bbox 306 1220 378 1282; x_wconf 83' lang='lat' dir='ltr'><strong>jacuit</strong></span> <span class='ocrx_word' id='word_1_95' title='bbox 389 1220 504 1266; x_wconf 84' lang='lat' dir='ltr'><strong>revolutus</strong></span> <span class='ocrx_word' id='word_1_96' title='bbox 515 1219 589 1267; x_wconf 74' lang='lat' dir='ltr'><strong>areni.</strong></span> 
     </span>
    </p>

    <p class='ocr_par' dir='ltr' id='par_1_7' title="bbox 81 1284 605 1345">
     <span class='ocr_line' id='line_1_17' title="bbox 81 1284 605 1345; baseline -0.008 -12"><span class='ocrx_word' id='word_1_97' title='bbox 81 1284 179 1333; x_wconf 82' lang='lat' dir='ltr'><strong>Emicat</strong></span> <span class='ocrx_word' id='word_1_98' title='bbox 189 1284 311 1345; x_wconf 79' lang='lat' dir='ltr'><strong>Euryalus,</strong></span> <span class='ocrx_word' id='word_1_99' title='bbox 322 1292 346 1330; x_wconf 88' lang='lat' dir='ltr'><strong>et</strong></span> <span class='ocrx_word' id='word_1_100' title='bbox 356 1298 449 1331; x_wconf 86' lang='lat' dir='ltr'><strong>munere</strong></span> <span class='ocrx_word' id='word_1_101' title='bbox 456 1284 529 1330; x_wconf 80' lang='lat' dir='ltr'><strong>victor</strong></span> <span class='ocrx_word' id='word_1_102' title='bbox 539 1285 605 1331; x_wconf 83' lang='lat' dir='ltr'><strong>amici</strong></span> 
     </span>
    </p>

    <p class='ocr_par' dir='ltr' id='par_1_8' title="bbox 84 1347 754 1674">
     <span class='ocr_line' id='line_1_18' title="bbox 84 1347 714 1411; baseline 0.003 -14"><span class='ocrx_word' id='word_1_103' title='bbox 84 1348 165 1398; x_wconf 83' lang='lat' dir='ltr'><strong>Prima</strong></span> <span class='ocrx_word' id='word_1_104' title='bbox 176 1357 246 1404; x_wconf 81' lang='lat' dir='ltr'><strong>tenet,</strong></span> <span class='ocrx_word' id='word_1_105' title='bbox 258 1350 380 1411; x_wconf 83' lang='lat' dir='ltr'><strong>plausuque</strong></span> <span class='ocrx_word' id='word_1_106' title='bbox 391 1349 453 1396; x_wconf 80' lang='lat' dir='ltr'><strong>volat</strong></span> <span class='ocrx_word' id='word_1_107' title='bbox 462 1347 598 1410; x_wconf 84' lang='lat' dir='ltr'><strong>fremituque</strong></span> <span class='ocrx_word' id='word_1_108' title='bbox 609 1352 714 1399; x_wconf 83' lang='lat' dir='ltr'><strong>secundo.</strong></span> 
     </span>
     <span class='ocr_line' id='line_1_19' title="bbox 84 1414 721 1478; baseline 0.006 -16"><span class='ocrx_word' id='word_1_109' title='bbox 84 1414 144 1464; x_wconf 80' lang='lat' dir='ltr'><strong>Post</strong></span> <span class='ocrx_word' id='word_1_110' title='bbox 156 1415 272 1477; x_wconf 84' lang='lat' dir='ltr'><strong>Helymus</strong></span> <span class='ocrx_word' id='word_1_111' title='bbox 282 1415 348 1470; x_wconf 84' lang='lat' dir='ltr'><strong>subit,</strong></span> <span class='ocrx_word' id='word_1_112' title='bbox 357 1422 384 1464; x_wconf 82' lang='lat' dir='ltr'><strong>-et</strong></span> <span class='ocrx_word' id='word_1_113' title='bbox 394 1429 455 1461; x_wconf 86' lang='lat' dir='ltr'><strong>nunc</strong></span> <span class='ocrx_word' id='word_1_114' title='bbox 467 1415 533 1461; x_wconf 78' lang='lat' dir='ltr'><strong>tertia</strong></span> <span class='ocrx_word' id='word_1_115' title='bbox 544 1415 618 1478; x_wconf 84' lang='lat' dir='ltr'><strong>palma</strong></span> <span class='ocrx_word' id='word_1_116' title='bbox 628 1415 721 1465; x_wconf 86' lang='lat' dir='ltr'><strong>Diores.</strong></span> 
     </span>
     <span class='ocr_line' id='line_1_20' title="bbox 85 1479 754 1542; baseline 0.004 -14"><span class='ocrx_word' id='word_1_117' title='bbox 85 1479 136 1528; x_wconf 84' lang='lat' dir='ltr'><strong>Hic</strong></span> <span class='ocrx_word' id='word_1_118' title='bbox 148 1490 221 1529; x_wconf 90' lang='lat' dir='ltr'><strong>totum</strong></span> <span class='ocrx_word' id='word_1_119' title='bbox 233 1495 308 1528; x_wconf 78' lang='lat' dir='ltr'><strong>caveae</strong></span> <span class='ocrx_word' id='word_1_120' title='bbox 319 1495 450 1527; x_wconf 80' lang='lat' dir='ltr'><strong>consessum</strong></span> <span class='ocrx_word' id='word_1_121' title='bbox 458 1481 563 1542; x_wconf 86' lang='lat' dir='ltr'><strong>ingentis,</strong></span> <span class='ocrx_word' id='word_1_122' title='bbox 575 1489 599 1528; x_wconf 87' lang='lat' dir='ltr'><strong>et</strong></span> <span class='ocrx_word' id='word_1_123' title='bbox 607 1497 646 1530; x_wconf 84' lang='lat' dir='ltr'><strong>ors</strong></span> <span class='ocrx_word' id='word_1_124' title='bbox 705 1486 754 1531; x_wconf 80' lang='lat'><strong>340</strong></span> 
     </span>
     <span class='ocr_line' id='line_1_21' title="bbox 85 1544 693 1608; baseline 0 -14"><span class='ocrx_word' id='word_1_125' title='bbox 85 1544 165 1594; x_wconf 88' lang='lat' dir='ltr'><strong>Prima</strong></span> <span class='ocrx_word' id='word_1_126' title='bbox 173 1555 269 1607; x_wconf 86' lang='lat' dir='ltr'><strong>patrum,</strong></span> <span class='ocrx_word' id='word_1_127' title='bbox 281 1546 370 1607; x_wconf 79' lang='lat' dir='ltr'><strong>magnis</strong></span> <span class='ocrx_word' id='word_1_128' title='bbox 382 1544 455 1592; x_wconf 84' lang='lat' dir='ltr'><strong>Salius</strong></span> <span class='ocrx_word' id='word_1_129' title='bbox 466 1545 598 1593; x_wconf 79' lang='lat' dir='ltr'><strong>clamoribus</strong></span> <span class='ocrx_word' id='word_1_130' title='bbox 609 1547 693 1608; x_wconf 79' lang='lat' dir='ltr'><strong>implet,</strong></span> 
     </span>
     <span class='ocr_line' id='line_1_22' title="bbox 86 1609 639 1674; baseline -0.002 -15"><span class='ocrx_word' id='word_1_131' title='bbox 86 1609 245 1674; x_wconf 86' lang='lat' dir='ltr'><strong>Ereptumque</strong></span> <span class='ocrx_word' id='word_1_132' title='bbox 255 1611 307 1657; x_wconf 87' lang='lat' dir='ltr'><strong>dolo</strong></span> <span class='ocrx_word' id='word_1_133' title='bbox 318 1610 379 1656; x_wconf 86' lang='lat' dir='ltr'><strong>reddi</strong></span> <span class='ocrx_word' id='word_1_134' title='bbox 390 1610 430 1657; x_wconf 87' lang='lat' dir='ltr'><strong>sibi</strong></span> <span class='ocrx_word' id='word_1_135' title='bbox 441 1612 513 1672; x_wconf 86' lang='lat' dir='ltr'><strong>poscit</strong></span> <span class='ocrx_word' id='word_1_136' title='bbox 525 1611 639 1659; x_wconf 84' lang='lat' dir='ltr'><strong>honorem</strong></span> 
     </span>
    </p>

    <p class='ocr_par' dir='ltr' id='par_1_9' title="bbox 86 1674 674 1869">
     <span class='ocr_line' id='line_1_23' title="bbox 86 1674 674 1736; baseline 0 -13"><span class='ocrx_word' id='word_1_137' title='bbox 86 1675 187 1726; x_wconf 80' lang='lat' dir='ltr'><strong>Tutatur</strong></span> <span class='ocrx_word' id='word_1_138' title='bbox 195 1677 261 1723; x_wconf 82' lang='lat' dir='ltr'><strong>favor</strong></span> <span class='ocrx_word' id='word_1_139' title='bbox 272 1674 406 1736; x_wconf 79' lang='lat' dir='ltr'><strong>Euryalum,</strong></span> <span class='ocrx_word' id='word_1_140' title='bbox 415 1676 568 1736; x_wconf 74' lang='lat' dir='ltr'><strong>lacrymaeque</strong></span> <span class='ocrx_word' id='word_1_141' title='bbox 579 1676 674 1731; x_wconf 68' lang='lat' dir='ltr'><strong>decore,</strong></span> 
     </span>
     <span class='ocr_line' id='line_1_24' title="bbox 86 1740 653 1802; baseline -0.004 -13"><span class='ocrx_word' id='word_1_142' title='bbox 86 1743 182 1790; x_wconf 85' lang='lat' dir='ltr'><strong>Gratior</strong></span> <span class='ocrx_word' id='word_1_143' title='bbox 192 1748 216 1787; x_wconf 92' lang='lat' dir='ltr'><strong>et</strong></span> <span class='ocrx_word' id='word_1_144' title='bbox 227 1740 320 1801; x_wconf 85' lang='lat' dir='ltr'><strong>pulchro</strong></span> <span class='ocrx_word' id='word_1_145' title='bbox 332 1741 424 1787; x_wconf 84' lang='lat' dir='ltr'><strong>veniens</strong></span> <span class='ocrx_word' id='word_1_146' title='bbox 435 1741 459 1786; x_wconf 89' lang='lat' dir='ltr'><strong>in</strong></span> <span class='ocrx_word' id='word_1_147' title='bbox 470 1756 564 1802; x_wconf 86' lang='lat' dir='ltr'><strong>corpore</strong></span> <span class='ocrx_word' id='word_1_148' title='bbox 574 1741 653 1787; x_wconf 83' lang='lat' dir='ltr'><strong>virtus.</strong></span> 
     </span>
     <span class='ocr_line' id='line_1_25' title="bbox 86 1803 635 1869; baseline -0.005 -16"><span class='ocrx_word' id='word_1_149' title='bbox 86 1807 196 1869; x_wconf 73' lang='lat' dir='ltr'><strong>AdJ&#39;uvut,</strong></span> <span class='ocrx_word' id='word_1_150' title='bbox 207 1813 232 1852; x_wconf 91' lang='lat' dir='ltr'><strong>et</strong></span> <span class='ocrx_word' id='word_1_151' title='bbox 241 1803 325 1866; x_wconf 62' lang='lat' dir='ltr'><strong>magni</strong></span> <span class='ocrx_word' id='word_1_152' title='bbox 335 1805 458 1866; x_wconf 81' lang='lat' dir='ltr'><strong>proclamat</strong></span> <span class='ocrx_word' id='word_1_153' title='bbox 468 1820 525 1851; x_wconf 86' lang='lat' dir='ltr'><strong>voce</strong></span> <span class='ocrx_word' id='word_1_154' title='bbox 535 1804 635 1863; x_wconf 86' lang='lat' dir='ltr'><strong>Dioras;</strong></span> 
     </span>
    </p>

    <p class='ocr_par' dir='ltr' id='par_1_10' title="bbox 87 1868 665 1996">
     <span class='ocr_line' id='line_1_26' title="bbox 87 1868 665 1932; baseline -0.007 -14"><span class='ocrx_word' id='word_1_155' title='bbox 87 1871 135 1926; x_wconf 81' lang='lat' dir='ltr'><strong>Qui</strong></span> <span class='ocrx_word' id='word_1_156' title='bbox 146 1871 216 1918; x_wconf 88' lang='lat' dir='ltr'><strong>subiit</strong></span> <span class='ocrx_word' id='word_1_157' title='bbox 225 1870 311 1931; x_wconf 77' lang='lat' dir='ltr'><strong>pulmae,</strong></span> <span class='ocrx_word' id='word_1_158' title='bbox 323 1868 450 1932; x_wconf 68' lang='lat' dir='ltr'><strong>frustraque</strong></span> <span class='ocrx_word' id='word_1_159' title='bbox 460 1870 488 1915; x_wconf 83' lang='lat' dir='ltr'><strong>sd</strong></span> <span class='ocrx_word' id='word_1_160' title='bbox 497 1870 592 1930; x_wconf 80' lang='lat' dir='ltr'><strong>praemia</strong></span> <span class='ocrx_word' id='word_1_161' title='bbox 602 1869 665 1915; x_wconf 85' lang='lat' dir='ltr'><strong>venit</strong></span> 
     </span>
     <span class='ocr_line' id='line_1_27' title="bbox 87 1934 610 1996; baseline -0.008 -12"><span class='ocrx_word' id='word_1_162' title='bbox 87 1936 183 1991; x_wconf 82' lang='lat' dir='ltr'><strong>Ultima,</strong></span> <span class='ocrx_word' id='word_1_163' title='bbox 195 1937 214 1982; x_wconf 87' lang='lat' dir='ltr'><strong>si</strong></span> <span class='ocrx_word' id='word_1_164' title='bbox 225 1935 290 1996; x_wconf 85' lang='lat' dir='ltr'><strong>primi</strong></span> <span class='ocrx_word' id='word_1_165' title='bbox 302 1934 363 1981; x_wconf 85' lang='lat' dir='ltr'><strong>Salio</strong></span> <span class='ocrx_word' id='word_1_166' title='bbox 373 1934 496 1981; x_wconf 84' lang='lat' dir='ltr'><strong>redduntur</strong></span> <span class='ocrx_word' id='word_1_167' title='bbox 506 1934 610 1980; x_wconf 85' lang='lat' dir='ltr'><strong>honores.</strong></span> 
     </span>
    </p>

    <p class='ocr_par' dir='ltr' id='par_1_11' title="bbox 86 1998 813 2257">
     <span class='ocr_line' id='line_1_28' title="bbox 86 1998 695 2064; baseline -0.002 -16"><span class='ocrx_word' id='word_1_168' title='bbox 86 2000 147 2048; x_wconf 90' lang='lat' dir='ltr'><strong>Tum</strong></span> <span class='ocrx_word' id='word_1_169' title='bbox 157 2008 223 2064; x_wconf 75' lang='lat' dir='ltr'><strong>puter</strong></span> <span class='ocrx_word' id='word_1_170' title='bbox 234 1998 328 2054; x_wconf 83' lang='lat' dir='ltr'><strong>AEneas,</strong></span> <span class='ocrx_word' id='word_1_171' title='bbox 336 1998 425 2053; x_wconf 81' lang='lat' dir='ltr'><strong>Vestra,</strong></span> <span class='ocrx_word' id='word_1_172' title='bbox 437 1998 516 2059; x_wconf 89' lang='lat' dir='ltr'><strong>inquit,</strong></span> <span class='ocrx_word' id='word_1_173' title='bbox 527 2013 621 2045; x_wconf 85' lang='lat' dir='ltr'><strong>munera</strong></span> <span class='ocrx_word' id='word_1_174' title='bbox 631 2000 695 2047; x_wconf 86' lang='lat' dir='ltr'><strong>vobis</strong></span> 
     </span>
     <span class='ocr_line' id='line_1_29' title="bbox 87 2064 813 2126; baseline -0.001 -11"><span class='ocrx_word' id='word_1_175' title='bbox 87 2064 157 2116; x_wconf 82' lang='lat' dir='ltr'><strong>Certa</strong></span> <span class='ocrx_word' id='word_1_176' title='bbox 164 2071 266 2121; x_wconf 78' lang='lat' dir='ltr'><strong>manent,</strong></span> <span class='ocrx_word' id='word_1_177' title='bbox 274 2064 349 2126; x_wconf 73' lang='lat' dir='ltr'><strong>pueri,</strong></span> <span class='ocrx_word' id='word_1_178' title='bbox 360 2072 384 2110; x_wconf 91' lang='lat' dir='ltr'><strong>et</strong></span> <span class='ocrx_word' id='word_1_179' title='bbox 391 2064 488 2125; x_wconf 82' lang='lat' dir='ltr'><strong>palmam</strong></span> <span class='ocrx_word' id='word_1_180' title='bbox 496 2070 573 2110; x_wconf 87' lang='lat' dir='ltr'><strong>movet</strong></span> <span class='ocrx_word' id='word_1_181' title='bbox 580 2064 658 2112; x_wconf 85' lang='lat' dir='ltr'><strong>ordine</strong></span> <span class='ocrx_word' id='word_1_182' title='bbox 669 2080 750 2114; x_wconf 69' lang='lat' dir='ltr'><strong>nemos</strong></span> <span class='ocrx_word' id='word_1_183' title='bbox 810 2095 813 2098; x_wconf 93' lang='lat'>·</span> 
     </span>
     <span class='ocr_line' id='line_1_30' title="bbox 87 2129 756 2180; baseline -0.007 -2"><span class='ocrx_word' id='word_1_184' title='bbox 87 2131 130 2178; x_wconf 85' lang='lat' dir='ltr'><strong>Me</strong></span> <span class='ocrx_word' id='word_1_185' title='bbox 140 2132 210 2177; x_wconf 85' lang='lat' dir='ltr'><strong>liceat</strong></span> <span class='ocrx_word' id='word_1_186' title='bbox 220 2144 285 2177; x_wconf 84' lang='lat' dir='ltr'><strong>casus</strong></span> <span class='ocrx_word' id='word_1_187' title='bbox 295 2129 395 2175; x_wconf 87' lang='lat' dir='ltr'><strong>miserari</strong></span> <span class='ocrx_word' id='word_1_188' title='bbox 406 2129 502 2175; x_wconf 84' lang='lat' dir='ltr'><strong>insontis</strong></span> <span class='ocrx_word' id='word_1_189' title='bbox 513 2129 586 2176; x_wconf 81' lang='lat' dir='ltr'><strong>amici.</strong></span> <span class='ocrx_word' id='word_1_190' title='bbox 704 2135 756 2180; x_wconf 81' lang='lat'><strong>350</strong></span> 
     </span>
     <span class='ocr_line' id='line_1_31' title="bbox 87 2192 593 2257; baseline -0.004 -13"><span class='ocrx_word' id='word_1_191' title='bbox 87 2196 125 2245; x_wconf 79' lang='lat' dir='ltr'><strong>sie</strong></span> <span class='ocrx_word' id='word_1_192' title='bbox 135 2195 204 2247; x_wconf 78' lang='lat' dir='ltr'><strong>fatus,</strong></span> <span class='ocrx_word' id='word_1_193' title='bbox 214 2201 305 2257; x_wconf 77' lang='lat' dir='ltr'><strong>tergum</strong></span> <span class='ocrx_word' id='word_1_194' title='bbox 317 2192 403 2241; x_wconf 75' lang='lat' dir='ltr'><strong>Gaetuli</strong></span> <span class='ocrx_word' id='word_1_195' title='bbox 414 2195 513 2241; x_wconf 84' lang='lat' dir='ltr'><strong>immane</strong></span> <span class='ocrx_word' id='word_1_196' title='bbox 521 2194 593 2242; x_wconf 84' lang='lat' dir='ltr'><strong>leonis</strong></span> 
     </span>
    </p>

    <p class='ocr_par' dir='ltr' id='par_1_12' title="bbox 87 2259 711 2386">
     <span class='ocr_line' id='line_1_32' title="bbox 87 2259 711 2322; baseline -0.002 -13"><span class='ocrx_word' id='word_1_197' title='bbox 87 2260 137 2309; x_wconf 84' lang='lat' dir='ltr'><strong>Dat</strong></span> <span class='ocrx_word' id='word_1_198' title='bbox 149 2261 218 2314; x_wconf 85' lang='lat' dir='ltr'><strong>Salio,</strong></span> <span class='ocrx_word' id='word_1_199' title='bbox 229 2259 288 2306; x_wconf 83' lang='lat' dir='ltr'><strong>villis</strong></span> <span class='ocrx_word' id='word_1_200' title='bbox 299 2274 419 2305; x_wconf 86' lang='lat' dir='ltr'><strong>onerosum</strong></span> <span class='ocrx_word' id='word_1_201' title='bbox 431 2267 497 2322; x_wconf 87' lang='lat' dir='ltr'><strong>atque</strong></span> <span class='ocrx_word' id='word_1_202' title='bbox 508 2260 620 2321; x_wconf 85' lang='lat' dir='ltr'><strong>unguibus</strong></span> <span class='ocrx_word' id='word_1_203' title='bbox 631 2261 711 2308; x_wconf 81' lang='lat' dir='ltr'><strong>aureis.</strong></span> 
     </span>
     <span class='ocr_line' id='line_1_33' title="bbox 88 2324 683 2386; baseline -0.003 -13"><span class='ocrx_word' id='word_1_204' title='bbox 88 2325 136 2373; x_wconf 85' lang='lat' dir='ltr'><strong>Hic</strong></span> <span class='ocrx_word' id='word_1_205' title='bbox 147 2324 227 2379; x_wconf 83' lang='lat' dir='ltr'><strong>Nisus,</strong></span> <span class='ocrx_word' id='word_1_206' title='bbox 239 2324 264 2372; x_wconf 87' lang='lat' dir='ltr'><strong>Si</strong></span> <span class='ocrx_word' id='word_1_207' title='bbox 275 2331 344 2378; x_wconf 76' lang='lat' dir='ltr'><strong>tants,</strong></span> <span class='ocrx_word' id='word_1_208' title='bbox 354 2324 435 2385; x_wconf 80' lang='lat' dir='ltr'><strong>inquit,</strong></span> <span class='ocrx_word' id='word_1_209' title='bbox 445 2332 499 2370; x_wconf 88' lang='lat' dir='ltr'><strong>sunt</strong></span> <span class='ocrx_word' id='word_1_210' title='bbox 508 2325 601 2386; x_wconf 84' lang='lat' dir='ltr'><strong>praemis</strong></span> <span class='ocrx_word' id='word_1_211' title='bbox 611 2325 683 2379; x_wconf 85' lang='lat' dir='ltr'><strong>victis,</strong></span> 
     </span>
    </p>

    <p class='ocr_par' dir='ltr' id='par_1_13' title="bbox 88 2388 638 2452">
     <span class='ocr_line' id='line_1_34' title="bbox 88 2388 638 2452; baseline -0.011 -12"><span class='ocrx_word' id='word_1_212' title='bbox 88 2390 121 2440; x_wconf 87' lang='lat' dir='ltr'><strong>Et</strong></span> <span class='ocrx_word' id='word_1_213' title='bbox 131 2398 155 2437; x_wconf 89' lang='lat' dir='ltr'><strong>te</strong></span> <span class='ocrx_word' id='word_1_214' title='bbox 165 2391 279 2452; x_wconf 84' lang='lat' dir='ltr'><strong>lapsorum</strong></span> <span class='ocrx_word' id='word_1_215' title='bbox 289 2390 394 2445; x_wconf 86' lang='lat' dir='ltr'><strong>miseret;</strong></span> <span class='ocrx_word' id='word_1_216' title='bbox 412 2404 463 2450; x_wconf 83' lang='lat' dir='ltr'><strong>quae</strong></span> <span class='ocrx_word' id='word_1_217' title='bbox 473 2405 568 2436; x_wconf 85' lang='lat' dir='ltr'><strong>munera</strong></span> <span class='ocrx_word' id='word_1_218' title='bbox 578 2388 638 2434; x_wconf 90' lang='lat' dir='ltr'><strong>Niso</strong></span> 
     </span>
    </p>

    <p class='ocr_par' dir='ltr' id='par_1_14' title="bbox 88 2453 709 2518">
     <span class='ocr_line' id='line_1_35' title="bbox 88 2453 709 2518; baseline -0.011 -16"><span class='ocrx_word' id='word_1_219' title='bbox 88 2455 170 2518; x_wconf 75' lang='lat' dir='ltr'><strong>Digna</strong></span> <span class='ocrx_word' id='word_1_220' title='bbox 180 2453 257 2501; x_wconf 80' lang='lat' dir='ltr'><strong>dabis?</strong></span> <span class='ocrx_word' id='word_1_221' title='bbox 272 2454 367 2515; x_wconf 84' lang='lat' dir='ltr'><strong>primam</strong></span> <span class='ocrx_word' id='word_1_222' title='bbox 377 2455 450 2504; x_wconf 88' lang='lat' dir='ltr'><strong>merui</strong></span> <span class='ocrx_word' id='word_1_223' title='bbox 461 2455 499 2514; x_wconf 91' lang='lat' dir='ltr'><strong>qni</strong></span> <span class='ocrx_word' id='word_1_224' title='bbox 509 2454 575 2500; x_wconf 86' lang='lat' dir='ltr'><strong>laude</strong></span> <span class='ocrx_word' id='word_1_225' title='bbox 586 2465 709 2509; x_wconf 78' lang='lat' dir='ltr'><strong>coronam3</strong></span> 
     </span>
    </p>

    <p class='ocr_par' dir='ltr' id='par_1_15' title="bbox 89 2517 650 2580">
     <span class='ocr_line' id='line_1_36' title="bbox 89 2517 650 2580; baseline -0.011 -14"><span class='ocrx_word' id='word_1_226' title='bbox 89 2520 121 2567; x_wconf 69' lang='lat' dir='ltr'>NJ</span> <span class='ocrx_word' id='word_1_227' title='bbox 132 2534 178 2573; x_wconf 85' lang='lat' dir='ltr'><strong>me,</strong></span> <span class='ocrx_word' id='word_1_228' title='bbox 188 2534 240 2580; x_wconf 78' lang='lat' dir='ltr'><strong>quse</strong></span> <span class='ocrx_word' id='word_1_229' title='bbox 252 2518 343 2572; x_wconf 81' lang='lat' dir='ltr'><strong>Salium,</strong></span> <span class='ocrx_word' id='word_1_230' title='bbox 353 2519 444 2565; x_wconf 87' lang='lat' dir='ltr'><strong>fortuna</strong></span> <span class='ocrx_word' id='word_1_231' title='bbox 454 2519 544 2564; x_wconf 87' lang='lat' dir='ltr'><strong>inimica</strong></span> <span class='ocrx_word' id='word_1_232' title='bbox 555 2517 650 2562; x_wconf 83' lang='lat' dir='ltr'><strong>tulisset.</strong></span> 
     </span>
    </p>

    <p class='ocr_par' dir='ltr' id='par_1_16' title="bbox 89 2576 643 2635">
     <span class='ocr_line' id='line_1_37' title="bbox 89 2576 643 2635; baseline -0.016 -2"><span class='ocrx_word' id='word_1_233' title='bbox 89 2584 123 2633; x_wconf 87' lang='lat' dir='ltr'><strong>Et</strong></span> <span class='ocrx_word' id='word_1_234' title='bbox 132 2584 200 2634; x_wconf 87' lang='lat' dir='ltr'><strong>simul</strong></span> <span class='ocrx_word' id='word_1_235' title='bbox 211 2585 246 2631; x_wconf 87' lang='lat' dir='ltr'><strong>his</strong></span> <span class='ocrx_word' id='word_1_236' title='bbox 257 2583 322 2630; x_wconf 83' lang='lat' dir='ltr'><strong>dictis</strong></span> <span class='ocrx_word' id='word_1_237' title='bbox 330 2581 410 2630; x_wconf 82' lang='lat' dir='ltr'><strong>faciem</strong></span> <span class='ocrx_word' id='word_1_238' title='bbox 422 2582 554 2635; x_wconf 79' lang='lat' dir='ltr'><strong>ostentabat,</strong></span> <span class='ocrx_word' id='word_1_239' title='bbox 565 2585 589 2624; x_wconf 88' lang='lat' dir='ltr'><strong>et</strong></span> <span class='ocrx_word' id='word_1_240' title='bbox 599 2576 643 2622; x_wconf 84' lang='lat' dir='ltr'><strong>udo</strong></span> 
     </span>
    </p>

    <p class='ocr_par' dir='ltr' id='par_1_17' title="bbox 89 2636 689 2714">
     <span class='ocr_line' id='line_1_38' title="bbox 89 2636 689 2714; baseline -0.018 -15"><span class='ocrx_word' id='word_1_241' title='bbox 89 2648 176 2714; x_wconf 79' lang='lat' dir='ltr'><strong>Turpia</strong></span> <span class='ocrx_word' id='word_1_242' title='bbox 185 2649 285 2697; x_wconf 75' lang='lat' dir='ltr'><strong>membra</strong></span> <span class='ocrx_word' id='word_1_243' title='bbox 294 2646 356 2696; x_wconf 83' lang='lat' dir='ltr'><strong>imo.</strong></span> <span class='ocrx_word' id='word_1_244' title='bbox 387 2646 450 2696; x_wconf 83' lang='lat' dir='ltr'><strong>Risit</strong></span> <span class='ocrx_word' id='word_1_245' title='bbox 459 2652 523 2708; x_wconf 83' lang='lat' dir='ltr'><strong>pater</strong></span> <span class='ocrx_word' id='word_1_246' title='bbox 533 2642 632 2705; x_wconf 84' lang='lat' dir='ltr'><strong>optimus</strong></span> <span class='ocrx_word' id='word_1_247' title='bbox 644 2636 689 2696; x_wconf 83' lang='lat' dir='ltr'><strong>olli,</strong></span> 
     </span>
    </p>
   </div>
   <div class='ocr_carea' id='block_1_3' title="bbox 0 0 871 2925">
    <p class='ocr_par' dir='ltr' id='par_1_18' title="bbox 0 0 871 2925">
     <span class='ocr_line' id='line_1_39' title="bbox 0 0 871 2925; baseline 0 0"><span class='ocrx_word' id='word_1_248' title='bbox 0 0 871 2925; x_wconf 95' lang='lat' dir='ltr'><strong> </strong></span> 
     </span>
    </p>
   </div>
  </div>
 </body>
</html>
