1709 2925
101 133 156 178 mr
287 124 454 177 AENEIDOS
470 124 525 173 Ins
535 124 588 177 xl.

101 251 210 315 Corpore,
221 264 262 314 per
271 262 363 312 campos
374 248 496 310 ferroque
506 247 679 312 (miscebunt.
781 252 784 259 '

100 317 224 374 Redderet¹
235 331 262 363 oc
272 315 359 365 tumulo
370 316 454 363 sineret
465 315 585 361 succedere
595 323 665 365 terres
674 336 682 376 3

101 382 198 441 Nullum
209 396 261 428 cum
272 380 339 427 victis
349 388 464 428 certemen
474 387 498 426 et
509 381 593 428 ethere
604 384 693 440 cessis3

101 446 209 495 Parceret
219 445 343 506 hospitibus
353 446 466 505 quondum
478 446 606 506 socerisque
617 451 719 495 vocetis.

103 511 168 566 Quos
179 512 252 558 bonus
263 509 358 564 AEnees.
369 511 429 557 baud
439 510 594 571 edspernsnde
605 521 743 573 precantes,

102 576 251 637 Prosequitur
261 574 333 629 venii,
345 582 368 621 et
378 575 453 622 verbis
464 576 513 621 hsec
522 576 616 637 insuper
628 578 710 626 addit:

103 641 217 696 Quaennm,
228 658 270 689 vos
280 649 344 688 tento
353 639 445 687 fortuna
454 640 554 701 indigna,
566 639 654 698 Latini,

102 705 218 769 Inplicuit
227 707 294 762 bello.
304 706 343 767 qui
354 721 396 752 nos
404 704 497 767 fugietis
506 706 609 752 etnicos?

102 771 186 820 Pecem
197 786 235 819 me
245 772 355 819 exanimis
364 778 389 818 et
400 769 484 817 Martis
494 779 555 816 sorte
565 772 681 832 peremtis
735 776 784 820 110

83 890 87 897 ⁴
102 836 197 884 Oratis?
213 838 316 899 equidem
327 843 351 883 et
358 836 418 881 vivis
428 836 552 882 concedere
562 835 655 883 vellem.

101 900 156 949 Nec
168 903 227 958 veni,
239 903 283 948 nisi
291 901 339 948 frte
347 901 422 947 locum
435 900 555 960 sedemque
567 901 705 961 dedissent;

102 965 155 1013 Nec
165 967 247 1014 bellum
260 982 311 1013 eum
322 973 393 1027 gente
402 981 472 1026 gero:
492 980 532 1011 rex
542 973 622 1013 nostre
632 968 731 1029 reliquit

104 1030 219 1093 Hospitis,
230 1039 254 1077 et
264 1030 337 1079 Turni
348 1031 423 1092 potius
434 1046 459 1076 se
469 1029 563 1076 credidit
572 1032 650 1078 armis.

102 1095 202 1157 AEquius
212 1096 265 1145 huic
275 1095 379 1142 Turnum
389 1095 464 1143 suerat
474 1110 499 1141 se
509 1111 624 1156 opponere
633 1099 717 1146 morti.

103 1161 129 1209 Si
139 1161 222 1209 beilum
233 1160 298 1208 finire
308 1175 383 1216 monn,
395 1162 414 1207 si
424 1160 509 1223 pellere
518 1159 622 1207 Teucros

103 1226 215 1289 Apparet,
225 1227 261 1274 his
270 1242 360 1274 mecum
370 1227 446 1273 decuit
456 1240 591 1273 consumere
600 1226 671 1285 telis3

103 1290 182 1348 viset,
194 1292 231 1339 cui
241 1293 311 1339 vitum
323 1291 389 1338 Deus
401 1298 440 1337 aut
451 1306 492 1337 sur
503 1291 583 1337 dextre
592 1291 706 1340 dedisset.

102 1354 175 1404 Nunc
186 1357 225 1411 ite.
236 1364 260 1405 et
267 1358 357 1404 miseris
369 1356 488 1418 supponite
498 1356 585 1402 civibus
594 1357 686 1420 ignem.

103 1421 203 1471 Dixerat
214 1418 308 1470 AEneue.
340 1421 387 1469 Olli
398 1418 533 1485 obstupudre
544 1422 653 1482 silentes;
731 1427 781 1473 lto

105 1486 260 1550 conversique
271 1488 349 1538 oculos
359 1488 419 1535 inter
431 1503 455 1535 se
465 1495 532 1549 etque
543 1503 583 1534 ors
594 1489 712 1537 tenebunt.

104 1552 166 1601 Tum
178 1554 258 1608 senior,
270 1568 402 1615 semperque
412 1553 470 1601 odiis
480 1561 504 1599 et
515 1553 609 1599 erimine
619 1552 729 1603 Drnnees

103 1617 298 1681 Insensusjttveni
309 1618 397 1676 Turno,
409 1620 442 1666 sic
453 1633 494 1665 ore
502 1619 603 1664 vicissim

105 1684 165 1732 Orsa
175 1684 258 1732 referti
277 1683 299 1732 Ο
309 1682 371 1732 funi
381 1685 473 1745 ingens,
483 1683 599 1745 ingentior
609 1685 686 1739 armis,

103 1748 149 1797 vir
160 1748 273 1813 Tronne!
286 1750 366 1810 quibus
376 1748 435 1795 coelo
445 1755 469 1794 te
479 1747 581 1794 leudibus
591 1749 700 1810 aequem?

103 1814 234 1865 Justitiaene
245 1815 306 1877 prius
315 1815 392 1872 mirer,
402 1813 484 1860 belline
493 1813 612 1860 laborum?

104 1880 157 1930 Nos
168 1897 223 1930 vero
233 1882 284 1928 baec
294 1881 388 1942 petrium
398 1879 457 1940 greti
467 1876 590 1925 referemus
600 1879 630 1925 nd
640 1880 735 1930 urbem:

104 1946 139 1995 Et
149 1952 180 2002 ie,
192 1947 210 1994 si
220 1960 265 2006 qun
274 1945 334 1993 vium
345 1943 432 1991 dederit
441 1943 538 1997 fortuna.
550 1942 634 1991 Latino

103 2011 234 2073 Jungemus
245 2011 301 2072 regi.
334 2009 429 2063 Quaeret
439 2009 480 2055 sibi
490 2008 578 2055 foedera
587 2007 688 2057 Turnus.
725 2039 730 2046 ‹

104 2076 168 2132 Quin
180 2082 203 2121 et
213 2074 292 2122 fatales
301 2088 416 2121 murorum
428 2074 529 2120 attoliere
539 2074 621 2129 moles,
682 2093 685 2100 ¹
726 2079 771 2125 130

104 2142 210 2201 sexuque
220 2140 352 2188 subvectare
361 2139 461 2186 humeris
470 2138 671 2202 Trojonnjuuabit.

104 2205 204 2258 Dixerat
213 2204 270 2259 hec,
282 2219 372 2265 unoque
382 2217 462 2252 omnes
472 2205 549 2251 eedem
560 2219 601 2250 ore
609 2203 739 2255 fremebunt.

104 2271 147 2320 Bis
158 2284 225 2320 senos
234 2267 341 2331 pepigere
351 2269 405 2324 dies,
417 2276 447 2322 et,
458 2285 513 2332 poce
522 2267 646 2331 sequestri,

106 2337 153 2384 Per
163 2337 232 2382 silvas
242 2332 332 2388 Teucri,
344 2334 455 2394 mixtique
465 2335 557 2396 impune
568 2332 654 2390 latini,

104 2399 219 2450 Errnvere
227 2398 296 2462 jugis.
330 2397 402 2446 Ferro
410 2407 479 2446 sonat
489 2400 534 2446 icta
543 2400 635 2461 bipenni

104 2465 234 2520 Fraxinus3
250 2471 356 2510 evertunt
366 2470 428 2510 ectus
438 2464 467 2510 sd
478 2465 643 2526 siderepinus3

104 2529 198 2575 Robore
208 2541 251 2575 nec
261 2529 339 2575 cunels
349 2535 372 2575 et
382 2527 482 2574 olentem
493 2529 595 2576 scindere
609 2528 707 2585 cedrum,

104 2591 159 2640 Nec.
167 2592 272 2653 plaustris
282 2600 372 2640 oeneus
382 2600 474 2639 recture
483 2595 627 2655 gementibus
637 2609 711 2644 ornos.

136 2653 171 2703 Et
177 2656 226 2718 jem
237 2655 310 2705 Fame
318 2656 404 2713 volnus,
416 2659 474 2705 tenti
484 2657 613 2722 prenuntia
622 2659 702 2715 tuetur.
