1709 2925
129 124 164 169 as
306 114 496 167 (ἱΕοΙῑῦΙοΑΝ
514 117 566 166 Lss
579 111 625 168 m.

130 250 257 304 Ob'ectant,
267 248 429 310 pulchramque
438 255 519 311 petunt
529 264 570 310 per
581 249 676 297 vulnera
686 258 798 301 mortem«

191 317 211 362 is
221 315 310 375 quidum
323 315 402 376 signis.
413 321 482 375 utque
492 315 541 361 baec
552 315 657 377 exemplu
667 319 749 375 secuti,

130 380 191 430 Esse
201 379 278 441 apibus
288 387 375 439 partem
387 379 471 425 divina
481 380 564 425 mentis
575 388 599 425 et
609 380 704 428 haustus
754 386 806 434 220

130 446 253 494 AEthereos
264 441 356 500 dixere3
373 442 452 490 Deum
463 459 561 505 namque
572 445 605 491 ire
615 460 659 506 per
666 462 750 494 omnes

130 510 265 570 Terraeque,
276 516 406 569 tractusque
415 510 491 562 maris,
502 510 631 570 coeiumque
642 510 791 573 profundum.

130 574 195 624 Hinc
205 575 311 637 pecudes,
322 581 430 628 armenta,
442 575 510 629 viros,
521 589 595 636 genus
606 590 675 622 omne
686 577 796 636 serarum,

131 640 251 701 Quemque
262 640 304 686 sibi
314 647 394 687 tenues
405 647 535 686 nascentem
547 654 661 687 arcessere
671 643 733 689 vitas
739 661 748 703 ;

131 705 222 752 Scilicet
232 705 276 751 huc
288 705 349 752 reddi
361 704 442 752 deinde
453 719 480 751 ac
491 704 590 751 resoluta
601 705 681 751 referri

130 771 229 830 Omnia;
244 786 288 817 nec
297 770 365 818 morti
375 785 426 816 esse
437 770 527 828 iocrm;
543 770 584 816 red
593 771 647 817 viva
658 771 739 818 volere

131 835 216 884 Sideris
227 836 250 882 in
261 850 388 889 numerum,
399 843 468 895 atque
479 835 525 881 alto
537 835 658 882 succedere
668 837 736 948 md·

164 902 189 949 si
200 902 289 962 quando
300 901 376 947 sedem
387 907 508 962 angustam
520 907 653 961 servataque
664 916 703 948 me
720 917 734 948 a

130 964 254 1013 Thesauris
264 965 352 1019 relinea
364 966 426 1026 prius
437 966 518 1012 haustu
530 980 620 1027 sparsus
631 980 741 1027 aquarum

130 1031 178 1078 Ora
188 1030 247 1086 fove,
259 1030 378 1091 tumorque
388 1046 458 1077 manu
468 1031 583 1093 praetende
593 1045 709 1091 sequaces.
753 1036 806 1080 230

131 1095 173 1144 Bis
183 1095 289 1158 gravidos
300 1102 387 1158 cogunt
396 1094 462 1149 fetus,
474 1096 519 1143 duo
530 1104 632 1158 tempora
642 1098 732 1155 mersis,

130 1159 237 1223 Taygete
247 1161 314 1208 simul
325 1176 351 1207 os
361 1162 428 1207 terris
440 1161 539 1208 ortendit
549 1162 670 1208 honestum

131 1224 201 1282 Plias,
212 1233 238 1274 et
246 1225 333 1274 Oceani
345 1233 432 1288 spretos
442 1226 499 1287 pede
510 1226 606 1288 reppulit
617 1240 713 1287 umnec3

131 1291 181 1339 Aut
191 1292 269 1348 eadem
280 1292 341 1338 sidus
351 1292 442 1353 fugiens
453 1291 489 1337 ubi
502 1289 576 1337 Piscis
586 1293 665 1352 aquosi

131 1355 229 1403 Tristior
240 1359 343 1404 hibernas
353 1357 413 1403 ooelo
424 1356 540 1402 descendit
550 1357 574 1402 in
585 1357 666 1403 undas.-

56 1446 60 1454 1
131 1419 182 1469 Illis
192 1423 225 1470 ira
235 1422 329 1468 modum
339 1436 405 1484 supra
416 1429 458 1476 eet,
469 1422 576 1483 laesaeque
586 1436 703 1469 venenum

131 1487 248 1535 Morsibus
259 1488 375 1550 inspirant,
387 1495 410 1534 et
421 1488 507 1550 spicrrla
516 1502 578 1534 caeca
588 1488 719 1549 relinquunt

131 1552 217 1601 Annine
228 1553 298 1606 venis,
310 1553 440 1614 unicumque
451 1554 478 1599 in·
486 1553 580 1599 vulnere
590 1561 686 1614 ponunt.

132 1618 173 1665 Sin
184 1619 261 1665 duram
272 1624 360 1664 metues
370 1617 474 1673 hiemem,
484 1632 608 1680 parcesque
617 1617 701 1673 futuro,

132 1681 292 1744 Contusosqne
301 1683 389 1730 animos
400 1690 424 1729 et
435 1698 471 1730 rer
481 1684 617 1730 miserabere
626 1683 725 1743 fractas3
749 1686 802 1731 940

131 1750 167 1797 At
177 1749 252 1796 suffire
263 1749 350 1809 thymo,
361 1763 468 1809 ceraeque
479 1748 577 1795 recidere
588 1750 673 1802 inanes,

133 1814 192 1869 Quis
203 1813 305 1861 dubitet?
321 1829 374 1861 nam
385 1828 446 1876 saepe
456 1812 521 1859 favos
531 1813 624 1875 ignotus
635 1813 711 1860 adedit

134 1880 227 1937 Stellio;
244 1886 269 1927 et
277 1879 384 1942 lucifugis
395 1886 505 1940 congesta
514 1879 595 1925 cubilia
604 1878 696 1937 blattir3

132 1943 290 2006 Irnmunisque
299 1946 380 1993 redens
390 1944 463 1991 aliena
474 1944 502 1990 ad
513 1943 593 2003 pabule
601 1942 676 1999 sucus,

131 2008 183 2057 Aut
192 2024 258 2071 asper
267 2011 345 2057 crabro
357 2010 478 2071 imparibus
488 2024 513 2055 re
523 2008 646 2055 immiscuit
656 2008 744 2066 armis3

131 2073 183 2122 Aut
192 2074 272 2129 dirum,
283 2075 357 2129 tinere,
368 2088 442 2136 genus
450 2091 458 2132 3
474 2080 513 2120 aut
523 2073 597 2120 invisa
607 2072 725 2121 Minerrae

132 2137 211 2187 Laxos
220 2140 244 2185 in
254 2137 340 2186 foribus
350 2139 467 2201 suspendit
476 2153 557 2185 aranea
567 2153 651 2185 meres.

132 2203 187 2259 Quo
197 2204 271 2265 megin
281 2205 397 2251 exbaurtae
405 2203 497 2258 fuerint,
509 2205 552 2251 boc
563 2204 636 2250 acrius
646 2218 728 2251 omnes

131 2268 267 2317 Incumbent
276 2269 366 2331 generis
376 2268 433 2330 lapsi
443 2269 526 2316 sarcire
535 2270 620 2325 ruinas,
752 2271 804 2317 249

132 2332 328 2396 complebuntque
338 2332 406 2388 soros.
418 2342 443 2381 et
452 2333 543 2380 floribus
554 2334 635 2380 horrea
644 2339 731 2381 texent.

166 2401 191 2447 Si
202 2414 264 2454 vero,
275 2399 382 2459 quoniam
393 2413 459 2445 casus
469 2400 546 2460 apibus
556 2413 646 2460 quoque
657 2405 749 2446 nostros

131 2464 189 2511 Vita
197 2464 256 2520 tulit,
267 2464 326 2510 tristi
336 2463 476 2525 languebunt
486 2478 580 2525 corpora
590 2463 668 2510 morbo
677 2480 685 2521 3

132 2528 203 2584 Quod
208 2530 258 2591 jam
267 2544 314 2576 non
324 2529 396 2574 dubiis
406 2528 490 2589 poteris
497 2543 636 2591 cognoscere
646 2527 736 2588 signin

132 2592 249 2643 Continuo
260 2601 297 2641 est
305 2594 374 2655 aegris
383 2593 442 2639 alius
451 2593 528 2652 color;
545 2593 635 2639 horrida
644 2591 736 2638 ruitum

133 2656 256 2709 Deformrt
265 2659 363 2719 maciem
379 2664 429 2706 trun
441 2673 536 2722 corpora
545 2658 597 2707 luce
607 2656 730 2708 carentum
780 2692 784 2703 ,
