1709 2925
91 204 99 217 ,
143 169 201 225 sos
339 144 625 217 nunmosauro

146 293 252 353 Ursidit
262 294 350 350 socios;
366 292 469 357 Tempus
479 293 588 340 desistere
597 304 701 354 pagoae3
725 307 729 313 ·
765 306 769 313 ·
797 300 813 311 ··

148 361 216 409 Solus
227 375 271 422 ego
280 360 306 407 in
315 357 418 406 Pallanta
427 359 503 417 feror;
518 359 562 405 soli
572 358 628 403 mihi
639 356 718 403 Pallas
810 378 811 381 ¹

146 425 267 482 Debetur;
284 439 389 486 cuperem
399 425 450 485 ipse
458 438 539 485 parens
550 428 665 484 spectator
675 422 777 471 aderet

149 490 211 537 Haec
221 489 268 546 ait;
285 497 309 535 et
319 490 375 537 socii
384 495 503 537 cesserunt
513 489 686 549 aequorejussor

148 555 190 610 At,
201 553 314 601 Rutulum
324 555 437 609 abscessu,
443 553 535 615 juvenis
545 559 601 608 tum,
608 553 676 615 jussa
687 552 786 614 superba
810 579 812 582 -

149 618 255 675 Miratus,
268 627 343 681 stupet
352 620 376 666 in
386 618 474 672 Turno,
485 632 611 680 corpusque
620 632 663 679 per
673 619 757 679 ingena

149 682 249 732 Lumina
257 685 338 739 volvit,
350 685 441 746 obitque
452 684 508 729 truci
519 683 598 744 procul
609 683 688 730 omnis
698 683 762 730 visu.
852 676 853 697 ¹

146 747 243 797 *Talibus
254 757 277 796 et
288 750 352 797 dictis
362 751 381 796 it
392 756 470 797 contra
480 749 539 794 dicta
549 748 654 809 tyranni:

150 815 201 862 Aut
212 815 287 877 spoliis
297 830 341 881 ego
348 816 396 877 jorn
407 814 477 876 raptis
485 813 591 859 laudabor
601 813 690 874 opimis,
771 812 816 858 442
852 860 853 863 ,

151 880 202 927 Aut
211 880 257 927 leto
268 881 359 941 insigni.
392 879 452 926 Sorti
462 885 526 940 pater
537 892 615 938 aequus
626 879 718 938 utrique
728 882 772 923 est.

152 943 220 992 Tolle
230 945 310 991 minas.
341 943 419 999 Fatus,
431 944 529 990 medium
540 943 641 1004 procedit
651 943 677 988 iu
688 957 775 1002 aequor.
851 985 854 997 ,

96 1032 99 1039 r
151 1002 259 1072 Frigidus
271 1009 396 1056 Arcadibus
406 1009 453 1056 coit
462 1009 486 1054 in
497 1007 621 1070 praecordia
631 1006 734 1068 sanguis.
810 1056 811 1059 ,
852 1030 853 1033 ¹

150 1073 253 1121 Desiluit
263 1072 355 1120 Turnus
365 1075 462 1137 bijugis,
479 1074 546 1135 pedes
557 1079 649 1135 apparat
659 1072 694 1117 ire

153 1137 294 1188 Comminus.
327 1138 408 1199 thue
419 1141 462 1190 leo,
474 1135 564 1200 speculi
575 1152 628 1183 cum
638 1136 698 1182 vidit
708 1136 737 1183 ab
746 1131 792 1184 alat
809 1160 813 1171 ·

154 1204 220 1252 Stare
229 1204 308 1266 procul
317 1204 403 1266 campis
413 1204 558 1251 meditantem
569 1202 650 1264 proelia
660 1209 759 1256 taurum,

153 1268 269 1328 Advolat3
286 1270 346 1316 baud
357 1269 400 1316 alia
410 1277 446 1316 est
455 1268 528 1315 Turni
539 1267 652 1314 venientis
661 1266 748 1328 imago.

154 1333 226 1381 Hunc
237 1336 273 1382 ubi
285 1335 416 1396 contiguum
426 1334 504 1380 missae
513 1332 563 1381 sore
574 1332 668 1379 credidit
678 1332 760 1388 bastae,

151 1397 193 1447 Ire
203 1401 264 1462 prior
274 1398 356 1455 Pallas,
368 1400 387 1446 si
400 1397 444 1460 qud
453 1397 502 1446 sors
509 1399 602 1461 adJ'uvet
611 1411 693 1444 ausum

153 1464 246 1513 Vrnbus
256 1465 392 1527 imparibus;
408 1480 562 1526 magnumque
571 1464 604 1511 ita
613 1464 643 1510 ad
653 1462 740 1510 aetbera
746 1459 811 1510 fatuo

154 1528 201 1577 Per
212 1530 280 1592 patris
289 1530 419 1592 hospitium,
433 1537 457 1577 et
467 1545 563 1584 mensas,
574 1543 631 1590 quas
641 1528 729 1575 advena
739 1524 808 1577 adisti»

153 1594 191 1643 Te
201 1611 287 1659 precor,
298 1594 386 1650 Alcide,
398 1596 478 1657 coeptis
488 1594 616 1657 ingentibus
627 1593 703 1650 adsis;
772 1591 812 1642 461

154 1658 242 1716 Cernat
252 1660 358 1710 semineci
370 1661 410 1707 sibi
421 1676 459 1707 me
468 1675 547 1722 rapere
557 1673 619 1706 arma
630 1665 730 1714 cruenta,

155 1724 319 1787 Victoremque
328 1724 403 1773 ferant
413 1726 533 1772 morientia
541 1724 627 1771 lumina
637 1722 719 1770 Turni.

156 1792 238 1839 Audiit
248 1791 340 1839 Alcides
345 1792 462 1853 juvenem,
474 1804 627 1852 magnumque
638 1790 680 1835 sub
690 1789 738 1833 imo

156 1856 234 1905 Corde
243 1857 325 1919 premit
336 1857 453 1919 gemitum,
464 1856 620 1916 lacrymasque
630 1852 712 1899 effirdit
721 1853 803 1900 manes·

155 1920 218 1968 Tum
230 1922 328 1970 Genitor
337 1929 415 1968 natum
427 1921 493 1968 dictis
503 1919 583 1967 aditur
593 1918 686 1966 amicis:

155 1986 207 2035 stat
218 2002 259 2034 sua
270 1990 349 2048 cuique
361 1986 423 2045 dies3
440 1988 508 2033 breve
517 1993 542 2031 et
551 1983 693 2046 irreparabile
703 1989 791 2045 tempus
811 2007 812 2010 =

153 2051 267 2099 Omnibus
278 2059 314 2099 est
323 2052 393 2099 vitaer
412 2052 453 2099 sed
462 2050 545 2098 famam
555 2049 679 2097 extendere
688 2046 762 2105 factis,
852 2045 853 2052 ’

156 2114 212 2163 Hoc
222 2116 313 2163 virtutis
321 2132 387 2178 opus.
419 2116 497 2181 TroJae
508 2117 549 2163 sub
561 2114 675 2161 moenibus
684 2113 737 2160 altis

155 2179 203 2228 Tot
214 2181 260 2227 nati
272 2180 373 2228 cecidere
384 2180 478 2240 Detim3
495 2181 549 2244 quin
559 2179 643 2227 occidit
653 2175 701 2225 und
773 2178 816 2224 tto

157 2246 280 2307 Sarpedon,
290 2261 342 2293 mea
352 2248 481 2310 progenies.
511 2245 588 2293 Etiam
599 2260 641 2291 sua
651 2242 757 2291 Turnum
852 2287 853 2294 ,

156 2311 215 2360 Fata
224 2317 314 2365 vocant,
326 2319 443 2373 metasque
449 2312 498 2359 dati
509 2310 612 2374 persenit
622 2309 651 2356 ad
661 2310 716 2356 aevi.

155 2377 195 2425 Sic
206 2376 243 2430 ait,
255 2383 323 2436 atque
333 2377 411 2423 oculos
422 2376 559 2423 Rutulorum
573 2375 645 2437 rejicit
655 2374 724 2421 amis.

157 2442 191 2489 At
203 2439 278 2488 Pallas
289 2442 378 2503 magnis
389 2442 472 2489 emittit
482 2442 566 2488 viribus
576 2441 672 2495 hastam,

170 2502 306 2567 Vagindque
316 2504 372 2552 cavd
381 2504 507 2569 fulgentem
519 2506 599 2567 deripit
608 2501 706 2569 ensem]

171 2570 201 2615 lla
211 2570 297 2623 volans,
309 2571 408 2616 humeris
419 2578 517 2634 surgunt
527 2570 572 2632 qui
581 2570 685 2631 tegmina
695 2583 788 2624 summa,

154 2628 247 2687 Incidit,
258 2641 333 2693 atque,
344 2635 404 2681 vlam
413 2635 488 2698 clypei
500 2637 579 2683 molita
588 2650 628 2698 per
639 2649 697 2688 oras,
852 2633 853 2640 ’

159 2692 261 2746 Tandem
272 2699 340 2747 etiam
351 2713 436 2763 magno
448 2702 539 2751 strinxit
549 2701 578 2750 de
589 2715 684 2765 corpore
693 2695 775 2748 Tomi.
808 2751 815 2762 ,
