1709 2925
137 76 185 125 10⁸
335 65 501 119 AENEIDOS
518 67 605 119 Just

36 180 40 197 ¹
137 199 295 252 numnam
305 198 468 255 naamam
478 199 591 247 aarum
602 201 691 264 omps

138 269 207 332 Septa
217 263 291 321 armis,
301 265 403 327 solioque
412 265 459 312 alte
468 265 571 318 subnixa.
582 265 674 313 resedit.

136 333 195 383 Jure
206 332 270 378 dabat
278 331 386 391 legesque
395 330 466 386 viris3
483 345 621 392 operumque
629 331 734 379 laborem

138 397 244 446 Partibus
254 396 355 456 aequabat
361 395 436 457 justis,
448 401 487 442 aut
497 403 559 443 sorte
568 396 686 443 trahebat:

138 461 200 511 Cum
210 461 283 507 subito
295 459 382 507 AEneas
392 475 503 507 concursu
513 460 620 507 accedere
630 475 717 523 magno

137 527 231 575 Anthea
243 525 417 587 Sergestumque
427 525 490 571 videt
498 524 626 586 fortemque
637 522 784 580 Cloanthum,

137 591 323 651 Teucrorumque
333 590 404 647 aiios3
422 598 470 636 ater
480 605 537 650 quos
548 605 640 650 aequore
650 592 723 638 turbo
754 592 805 637 511

137 656 279 719 Dispuerat
289 655 421 718 penitusque
433 654 487 701 alias
497 662 603 702 avexerat
613 670 675 702 oras.

138 721 262 784 Obstupuit
272 720 339 767 simul
350 721 404 782 ipse,
416 719 483 765 simul
493 734 612 781 percussus
623 720 726 768 Achates

137 784 275 847 Laetitidque
285 792 405 846 metuque3
422 784 482 831 avidi
492 786 630 847 conjungere
641 785 733 834 dextms

138 852 269 900 Ardebant:
289 850 329 897 sed
339 865 374 896 res
385 848 472 895 animos
482 850 598 912 incognita
608 851 691 897 turbat.

138 915 306 972 Dissimuiant3
323 925 348 960 et
357 915 416 961 nube
426 911 482 961 cavi
492 914 635 976 speculantur
644 917 730 971 amicti.

139 981 201 1036 Quae
211 980 300 1028 fortuna
310 979 381 1037 viris3
396 980 490 1026 classem
502 995 547 1040 quo
557 980 623 1027 litore
632 980 738 1041 linquant
746 998 770 1037 ς,

140 1046 204 1101 Quid
213 1046 320 1093 veniant:
339 1045 426 1090 cunetis
438 1059 490 1091 nam
500 1045 553 1091 lecti
564 1046 658 1092 navibus
668 1046 739 1103 ibant,

125 1138 127 1143 ·
140 1111 238 1159 Orantes
249 1111 345 1164 veniam,
356 1117 379 1155 et
389 1110 498 1171 templum
509 1110 606 1157 clarnore
616 1111 731 1172 petebant.

173 1175 296 1237 Postquam
307 1175 446 1236 introgressi,
458 1185 567 1221 eteorum
578 1175 630 1222 duta
639 1177 707 1237 copia
716 1175 783 1228 sandi,

139 1241 259 1290 Maximus
269 1238 369 1288 Ilioneus
379 1239 467 1300 placido
479 1240 511 1286 sic
522 1247 613 1301 pectore
623 1242 707 1303 coepit:
758 1241 802 1288 521

139 1305 163 1355 0
174 1307 259 1368 reginaq
270 1320 353 1354 novam
363 1305 399 1351 cui
409 1303 507 1351 condere
516 1303 606 1368 Jupiter
616 1307 707 1364 urbem,

139 1370 276 1432 institisque
287 1370 347 1418 dedit
357 1377 439 1431 gentes
449 1368 537 1417 frenare
549 1370 669 1433 superbas!

139 1435 214 1488 Tro'e's
222 1443 245 1483 te
255 1435 338 1490 miseri,
349 1435 423 1482 ventis
434 1435 505 1483 muria
514 1437 591 1483 omnia
600 1437 668 1492 vecti,

139 1502 252 1550 Oramus:
270 1501 365 1563 prohibe,
371 1500 475 1548 infandos
486 1516 500 1547 a
510 1502 603 1549 navibus
613 1502 696 1563 ignes3

139 1565 213 1616 Parce
223 1566 261 1628 pio
272 1566 359 1627 generi,
370 1573 393 1613 et
403 1566 495 1629 propius
505 1582 542 1613 res
553 1567 641 1629 adspice
652 1575 749 1615 nostras.

139 1631 196 1681 Non
208 1646 250 1678 nos
260 1637 300 1678 aut
309 1629 369 1678 ferro
380 1629 480 1693 Libycos
490 1632 597 1693 populare
606 1639 700 1695 penates

137 1693 258 1753 Venimus,
270 1704 310 1744 aut
320 1703 393 1758 raptos
404 1697 433 1742 ad
442 1696 509 1744 litora
519 1705 606 1744 vertere
616 1699 720 1759 praedas:

138 1762 196 1812 Non
207 1778 234 1811 ea
243 1762 279 1810 vis
289 1762 371 1815 animo,
383 1777 425 1809 nec
435 1768 499 1809 tanta
509 1763 611 1824 superbia
620 1762 695 1812 victis.
758 1763 806 1812 529

139 1827 186 1877 Est
195 1829 266 1883 locus,
279 1825 414 1891 Hesperiam
426 1826 492 1874 Graii
502 1828 638 1890 cognomine
648 1828 735 1886 dicunt,

139 1892 212 1942 Terra
223 1895 320 1956 antiqua,
330 1899 412 1957 putens
421 1892 499 1950 armis,
511 1900 577 1954 atque
588 1894 657 1940 ubere
667 1889 756 1956 glebaet

139 1959 234 2008 OEnotri
245 1956 335 2006 coluere
345 1958 403 2004 viri:
423 1972 484 2004 nunc
494 1957 561 2013 sama,
572 1960 672 2006 minores

137 2020 229 2070 Italiam
239 2022 323 2070 dixisse
333 2023 397 2070 ducis
405 2023 434 2071 de
444 2023 536 2071 nomine
545 2030 648 2086 gentem.

139 2087 196 2136 Huc
207 2091 286 2134 cursus
296 2087 352 2135 fuit:

141 2152 202 2202 Cum
213 2152 287 2199 subito
297 2167 420 2214 assurgens
431 2151 502 2200 fluctu
513 2153 628 2200 nimbosus
640 2152 711 2201 Orion

135 2216 166 2265 In
177 2216 235 2263 vada
245 2231 306 2263 caeca
317 2218 375 2272 tulit,
385 2218 519 2279 penitusque
529 2219 659 2281 procacibus
670 2217 766 2273 Austris,

138 2282 229 2344 Perque
239 2281 317 2338 undas,
329 2289 449 2344 superante
460 2284 514 2340 saio,
525 2300 608 2346 perque
617 2284 680 2330 invia
690 2298 744 2329 saxa

137 2346 255 2411 Dispolit3
273 2347 317 2393 buc
326 2346 392 2409 pauci
404 2349 484 2395 vestris
495 2350 626 2396 adnavimus
638 2349 690 2395 oris.

138 2412 209 2469 Quod
216 2426 293 2476 genus
302 2413 345 2458 hoc
355 2412 480 2470 hominum,
497 2429 578 2476 quaeve
588 2415 649 2461 hunc
660 2422 707 2461 tam
717 2412 802 2458 barbaro
843 2447 844 2452 ,

234 2492 321 2524 murem

138 2539 255 2588 Permittit
264 2539 355 2603 patriai
372 2539 470 2603 bospitio
480 2542 625 2603 prohibemur
635 2542 726 2590 arenae!
758 2542 804 2587 5⁴10

138 2602 205 2652 Belia
215 2605 282 2663 cient,
294 2603 411 2669 primique
421 2612 500 2655 vetant
511 2608 635 2657 consistere
646 2605 716 2676 terrei.
