1709 2925
94 95 143 141 rra
280 83 445 138 murrinos
461 85 572 139 mvn
653 49 655 51 ’

94 218 201 270 Insontea
211 217 402 284 ammiratum,
413 218 532 281 luoemrfae
541 220 616 283 perosi

94 284 214 348 Projeedre
224 287 317 332 animas.
348 284 426 340 Qunam
437 285 523 332 vellent
532 287 618 334 aetbere
626 286 651 333 ia
661 287 716 335 alto

94 350 166 400 Nunc
177 358 200 398 et
210 351 337 412 pauperiem
348 357 371 397 et
378 351 447 397 duros
457 348 556 412 perferre
565 351 666 401 labores!

94 414 142 464 Fau
152 416 230 471 obstat,
243 415 344 476 tristique
354 415 418 477 palus
427 416 551 463 inamabilis
561 415 624 463 uadi

95 480 189 543 alligat,
200 486 224 526 et
234 480 312 527 novies
324 480 384 540 Styx
392 480 502 526 interfusa
512 481 609 527 coercet

95 544 147 593 Noc
157 544 236 607 procul
245 545 298 591 bino
307 552 393 607 partem
403 543 449 590 iusi
458 552 613 591 monstrantur
623 545 647 592 in
658 560 764 593 omnam

96 608 214 672 Lugentes
224 610 310 671 canapi:
330 610 362 656 sic
373 609 424 656 illos
434 610 526 655 nomine
536 610 622 656 dicuat.
709 615 773 658 441

96 673 639 738 Hlaquosdumsamorcrudelitabeperediu

96 739 183 788 secreti
194 740 268 786 celant
277 739 352 795 ualles,
363 745 386 785 et
396 753 420 785 m
495 740 579 785 circum

96 804 160 853 Silva
169 805 243 868 iegit3
260 819 321 851 oorae
330 805 392 851 noni
443 804 467 849 in
478 810 551 850 morte
560 803 698 865 relinquant.

96 868 144 917 His
159 868 280 917 Phaedram
297 868 435 930 Procriuque
453 868 516 924 locis,
538 875 689 930 moeslamque
706 867 771 917 ara-

95 936 258 1048 emidilllu
268 1004 431 1046 monstrantem
441 997 535 1045 vulnera
544 997 625 1055 cernit,

94 1061 258 1124 Euadnenque,
269 1070 293 1110 et
304 1061 447 1125 Pasipbaiin3
461 1063 496 1109 hia
507 1061 631 1110 Laodamia

94 1126 121 1175 It
131 1143 213 1184 mares,
224 1134 248 1175 et
253 1128 346 1192 juvenis
356 1127 476 1188 quondam,
484 1142 545 1174 nunc
555 1126 645 1184 femina,
658 1124 743 1185 Cernis,

94 1192 186 1242 Rursus
197 1200 220 1241 et
230 1192 254 1240 in
263 1199 364 1240 veterem
374 1190 421 1239 fato
432 1192 533 1239 revoluta
542 1192 648 1254 figuram.

128 1256 194 1306 Inter
203 1272 259 1319 quas
270 1257 390 1305 Piroemssa
400 1272 479 1305 recens
490 1258 609 1304 avulnere
620 1256 686 1304 Dido
713 1260 763 1306 450

94 1320 192 1373 Errabat
203 1322 260 1370 silvi
269 1324 293 1370 iu
304 1319 403 1384 magni3
419 1336 486 1382 quam
497 1320 581 1369 Troius
592 1322 659 1369 beroa

96 1385 133 1434 Ut
142 1382 239 1448 primum
245 1388 313 1449 juxta
323 1388 392 1441 stetit,
403 1387 540 1449 agnovitque
548 1401 590 1448 per
600 1387 693 1435 umbras

95 1449 228 1508 Obscuram,
240 1451 328 1512 qualem
339 1451 412 1512 primo
421 1452 462 1512 qui
472 1467 565 1514 surgere
576 1467 657 1500 menae
757 1483 761 1487 ν

95 1516 146 1565 Aut
156 1515 224 1571 videt,
234 1522 274 1562 aut
283 1515 367 1562 vidisse
376 1523 442 1577 putat
451 1531 491 1578 per
501 1517 577 1564 nubila
586 1517 671 1574 lunam,

94 1580 198 1630 Demisit
206 1580 324 1642 lacrymas.
335 1579 440 1639 dulcique
454 1579 534 1627 affatus
544 1595 621 1629 amore
630 1589 681 1628 esta

95 1644 182 1694 Infelix
192 1643 262 1699 Dido,
273 1658 340 1691 verua
350 1644 406 1690 milri
416 1645 510 1690 nuntius
519 1659 576 1705 ergo

96 1710 205 1767 Venerat,
216 1710 357 1764 exstinetam,
368 1707 473 1769 ferroque
483 1715 585 1756 extrema
596 1716 713 1771 secutam

96 1775 194 1824 Funeris
205 1776 250 1823 heu
260 1776 300 1823 tibi
311 1788 378 1821 eausa
387 1773 438 1820 fui?
456 1771 501 1819 Per
512 1773 585 1820 sidera
591 1775 652 1837 juro,

96 1839 144 1889 Per
156 1841 260 1905 Superos,
271 1850 295 1888 et
305 1840 324 1887 ai
335 1853 379 1901 qua
388 1837 445 1885 fides
455 1838 535 1885 tellure
545 1840 587 1886 sub
597 1836 644 1886 imi
653 1846 703 1888 est:

97 1904 195 1962 Inritus,
207 1908 291 1970 regina,
302 1913 342 1952 tuo
353 1905 381 1951 de
391 1904 458 1950 litore
467 1903 533 1950 cessi.
715 1907 768 1952 460

97 1971 144 2019 Sed
154 1972 262 2034 meJ‘uasa
271 1970 357 2025 Deum,
365 1983 417 2031 quae
427 1983 489 2015 nune
499 1968 540 2015 bas
550 1969 583 2015 ire
593 1983 635 2030 par
645 1968 743 2026 umbras,

97 2034 144 2083 Per
154 2036 205 2083 ioca
215 2044 279 2083 senta
289 2036 333 2083 situ
343 2040 429 2097 cogunt
440 2041 574 2094 noctemque
583 2032 725 2095 probandam,

97 2097 203 2160 Imperiis
213 2098 282 2161 egere
292 2101 352 2158 suis;
369 2114 412 2146 nec
422 2099 512 2145 credere
522 2098 584 2159 quivi

99 2163 171 2212 Hune
182 2170 270 2210 tuntum
280 2166 319 2211 tubi
330 2179 367 2211 me
377 2164 477 2211 discessu
490 2162 550 2210 ferre
559 2163 670 2212 dolorem.

97 2229 159 2277 Siste
168 2228 270 2290 gradum,
281 2235 347 2289 teque
357 2229 465 2291 adspectu
475 2243 505 2275 ne
515 2228 620 2275 subtrahe
631 2235 718 2277 numo.

98 2294 175 2350 Quem
185 2291 263 2356 fugio?
279 2301 405 2340 extremum
419 2292 474 2350 sato,
488 2293 549 2356 quod
563 2299 587 2341 te
602 2294 768 2356 alumnorum

98 2424 191 2472 Talibus
202 2423 289 2470 AEneaa
300 2422 414 2470 ardentem
424 2429 449 2470 et
459 2429 524 2470 torva
533 2428 636 2470 tuentem

98 2488 195 2536 lenibat
205 2489 270 2536 dictis
280 2489 386 2543 animum,
396 2488 554 2549 lacrymasque
564 2487 644 2535 aiebat.

97 2551 142 2599 Illa
152 2553 201 2599 solo
210 2553 268 2601 fixos
279 2553 356 2602 oeados
366 2567 445 2600 aversa
454 2554 559 2609 tenebat;

91 2616 150 2693 ,Nec
160 2619 234 2683 magis
242 2619 332 2683 inceptu
342 2617 431 2668 vultum
441 2631 545 2667 sermone
554 2621 670 2678 movebar,
