1709 2925
248 114 418 173 AENEIDOS
432 114 487 165 Lu.
497 115 559 165 ΧΠ.
688 125 737 172 845

60 249 118 307 Nec
126 261 203 312 genus
213 247 337 296 indecores.
371 247 425 297 Sine
436 262 474 296 me
484 245 599 296 haechaud
606 246 738 296 mollial'stu

62 315 166 370 Sublatis
176 315 262 377 aperire
272 313 329 360 dolis
338 329 346 370 ;
363 313 431 360 simul
442 314 485 361 hoc
497 313 573 369 animo
584 312 656 359 hauri.

60 381 109 429 Mc
120 387 197 427 natam
209 379 265 426 nulli
275 386 377 426 veterum
389 379 475 425 sociare
486 392 605 440 procorum

61 446 113 495 Fas
121 453 182 502 erat3
194 444 260 505 idque
269 459 348 490 omnes
356 442 458 504 Diuique
465 443 612 502 hominesque
619 443 738 491 canebant.

61 510 150 558 Victus
160 525 238 557 amore
248 510 289 564 tui,
300 516 399 570 cognato
411 508 614 569 sanguinariam,

62 575 181 638 Conjugis
192 582 215 621 et
225 584 316 622 moestae
325 574 439 634 lacrymis,
451 573 526 621 vincla
535 573 612 619 omnia
622 573 684 636 rupi.
704 577 740 620 80

62 640 208 695 Promissam
218 639 290 701 eripui
300 654 400 701 gener03
418 653 481 685 arma
491 638 560 699 impia
570 638 648 684 sumai.

62 705 107 755 Ex
116 706 157 752 illo
168 706 206 766 qui
217 720 255 752 me
265 719 337 759 casus,
349 718 407 764 quae,
419 702 505 754 Turne,
516 711 640 762 sequantur

61 771 139 826 Bella,
150 771 230 827 vides;
247 777 345 830 quantos
354 769 440 830 primus
450 768 535 829 patiare
544 768 640 815 labores.

62 837 108 884 Bis
118 832 204 898 magnai
214 835 268 882 uicti
278 831 356 897 pugni
367 834 406 880 vix
417 834 471 880 urbe
482 840 572 880 tuemur

64 901 125 963 Spes
136 899 206 953 Italas
216 918 223 959 ;
239 900 338 946 recalent
348 906 425 946 nostro
437 897 544 945 Tiberina
554 895 641 945 fluenta

65 966 186 1029 Sanguine
196 966 275 1020 adhuc,
286 965 403 1027 campique
413 965 519 1027 ingentes
530 963 617 1010 ossibus
628 963 712 1011 albent.

66 1033 123 1087 Quo
134 1030 219 1078 referor
229 1029 316 1077 toties?
333 1045 384 1091 quae
394 1036 495 1076 mentem
506 1029 592 1076 insania
602 1028 694 1076 mutat?

66 1097 94 1145 Si
104 1096 185 1143 Turno
197 1097 309 1143 exstincto
321 1095 395 1142 socius
406 1110 456 1141 sum
468 1094 555 1141 adscire
564 1102 661 1155 paratus,
712 1149 715 1153 Α

67 1160 118 1213 Cur
128 1176 176 1208 non
187 1160 293 1207 incolumi
304 1161 380 1222 potius
390 1160 512 1207 certamina
522 1159 596 1205 tollo?

67 1227 132 1281 Quid
143 1226 306 1288 consanguinei
317 1224 405 1279 Rutuli,
416 1223 471 1285 quid
482 1231 564 1271 caetera
574 1223 633 1271 dicet
704 1226 742 1271 40

67 1290 143 1347 ltalia,
155 1291 185 1345 ad
195 1298 291 1338 mortem
303 1292 321 1337 si
332 1298 356 1337 te
367 1289 425 1353 (sors
437 1290 498 1336 dicta
508 1287 602 1348 refutet)

67 1356 218 1410 Prodiderim,
229 1362 305 1402 natam
316 1363 340 1403 et
350 1355 462 1402 connubia
472 1360 550 1401 nostra
560 1351 694 1415 petentem?

66 1421 169 1485 Respice
179 1437 216 1469 res
225 1421 285 1469 bello
296 1422 385 1479 variam
402 1421 509 1468 miserere
518 1419 617 1483 parentis

67 1486 191 1550 Longareni,
202 1502 268 1548 quem
280 1502 341 1534 nunc
350 1493 459 1534 moestum
469 1487 542 1548 patria
550 1486 631 1533 Ardea
640 1485 711 1548 longe
780 1499 782 1505 ⁴

66 1552 167 1601 Dividit.
201 1551 382 1614 Haudquaquam
394 1550 461 1599 dictis
471 1551 579 1599 violentia
588 1550 662 1598 Turni

65 1616 193 1670 Flectitur:
212 1624 331 1679 exsuperat
337 1618 419 1679 magis,
429 1617 579 1678 aegrescitque
588 1614 708 1663 medendo.
763 1623 765 1630 '

68 1681 106 1731 Ut
117 1684 214 1746 primum
225 1682 267 1730 fari
277 1683 357 1745 potuit,
369 1683 402 1730 sic
412 1682 495 1728 institit
505 1696 558 1729 ore:

69 1747 148 1805 Quam
159 1764 201 1810 pro
212 1762 249 1795 me
259 1762 336 1796 curam
347 1748 415 1811 geris,
427 1748 485 1794 hanc
496 1762 584 1808 precor,
596 1744 686 1807 optime,
697 1759 745 1807 pre

166 1828 204 1860 me

66 1877 187 1941 Deponas,
198 1879 313 1939 letumque
324 1878 383 1925 sinas
394 1892 436 1940 pro
444 1876 510 1924 laude
519 1875 609 1938 pacisci.

67 1943 103 1992 Et
113 1942 218 2000 nocicla,
228 1950 299 2005 pater,
306 1943 437 2005 ferrumque
445 1941 506 1989 haud
516 1942 588 1989 debile
595 1937 675 1988 dextri
706 1942 742 1987 50

68 2010 209 2072 spargimus,
221 2017 244 2055 et
254 2018 333 2055 nostro
344 2009 444 2069 sequitur
453 2007 482 2054 de
489 2007 583 2054 uulnere
591 2005 690 2067 sanguis.

69 2074 154 2135 Longe
162 2073 195 2120 illi
206 2072 259 2120 Dea
267 2080 339 2121 mater
349 2075 398 2128 erit,
410 2088 462 2135 quae
473 2073 532 2119 nube
543 2071 648 2135 fugacem

70 2138 180 2188 Femined
191 2146 261 2200 tegat,
272 2150 295 2185 et
305 2139 370 2185 vanis
382 2154 432 2186 sese
443 2137 532 2184 occulat
543 2138 636 2185 umbris.

97 2206 137 2262 ,At
148 2203 234 2266 regina,
245 2201 306 2250 novd
316 2219 400 2266 pugnae
411 2203 533 2250 conterrita
543 2211 611 2258 sorte,

68 2268 166 2326 1⁴'lebat3
183 2275 207 2315 et
217 2269 331 2315 ardentem
342 2283 453 2330 generum
465 2269 573 2315 moritura
583 2268 688 2314 tenebat:

69 2333 155 2389 Turne,
167 2348 208 2395 per
218 2334 259 2381 has
269 2349 313 2396 ego
324 2342 347 2380 te
357 2334 475 2394 lacrymas,
486 2349 526 2395 per
537 2335 556 2380 si
567 2333 618 2394 quis
629 2333 721 2378 Amata
736 2379 738 2382 ,

69 2397 158 2461 Tangit
168 2399 241 2445 honos
253 2400 351 2445 animum
365 2399 427 2462 (spes
438 2405 464 2444 tu
476 2413 537 2444 nunc
548 2415 599 2451 una,
609 2403 708 2443 senectae

72 2464 111 2511 Tu
122 2464 210 2525 requies
218 2464 321 2521 miserae3
340 2464 408 2510 decus
419 2464 582 2525 imperiumque
593 2461 670 2508 Latini
736 2475 739 2480 ’

71 2528 108 2577 Te
117 2537 204 2592 penes3
221 2529 245 2574 in
257 2538 279 2574 te
290 2532 365 2575 omnis
375 2529 456 2575 domus
466 2528 573 2575 inclinata
583 2522 716 2584 recumbit);

72 2593 154 2642 Unum
166 2609 222 2641 oro:
242 2593 325 2640 desiste
335 2609 427 2640 manum
439 2593 580 2639 committere
590 2589 694 2638 Teucris.
708 2592 742 2636 60

74 2659 122 2716 Qui
133 2667 263 2728 tecumque
274 2665 367 2709 manent
376 2659 421 2706 isto
432 2657 554 2706 certamine
564 2671 637 2713 casus,
