1709 2925
228 136 394 191 AErtmnos
411 140 465 190 Lm.
476 138 523 191 XI.
661 146 709 194 tet

16 272 124 330 Haesit,
135 269 161 321 et'
170 273 193 320 in
205 273 317 321 decimum
329 274 426 337 vestigia
436 273 523 322 rettulit
533 287 626 322 annum.
659 276 711 324 290
804 310 808 321 .

16 341 116 389 Ambo
127 340 215 394 animis,
227 341 293 387 umbo
304 340 405 402 insignes
415 339 575 401 prestantibus
584 340 669 398 ermis3

19 405 88 453 Hie
98 407 182 469 pietate
191 404 260 467 prior.
293 403 384 454 Coeant
393 406 417 452 in
427 404 515 452 federa
525 405 619 461 dextre,

21 469 182 526 Quadam:
202 477 243 525 est,
254 471 323 519 armis
334 478 470 517 concurrant
481 484 550 524 arma,
562 478 649 519 same.

20 536 70 585 Et
82 549 192 598 responsa
202 535 269 581 simul
279 548 331 598 quse
342 536 394 591 sint,
406 550 447 583 rex
458 536 549 598 optime,
560 537 622 600 regis

23 598 140 654 Audisti,
150 607 174 647 et
184 612 236 660 quae
246 601 276 648 sit
286 616 371 664 magno
381 603 493 659 sententia
502 600 570 647 bello.

68 664 119 712 Vix
131 680 160 712 ea
169 665 255 727 iegati3
274 667 394 728 variusque
403 680 444 728 per
454 680 495 712 ora
505 666 605 714 cucurrit

22 730 184 779 Ausoniditm
195 731 282 778 turbata
291 730 392 789 inemori
409 746 458 783 ceu,
471 742 525 778 saxa
535 737 653 778 morantur

25 794 98 845 Cum
111 795 202 858 rapidos
212 804 297 852 amnes,
308 797 336 844 tit
346 796 423 843 clauso
433 796 526 858 gurgite
536 808 645 851 murmur,

28 860 174 921 Vicinosque
182 860 283 907 tremunt
294 863 349 924 ripoe
360 861 520 923 crepitantibus
532 860 605 907 undis.

26 925 71 973 Ut
79 927 179 988 primunt
187 926 269 1002 placati
277 928 352 982 animi,
364 934 387 973 et
394 923 647 987 trepidsoraquidrunt,
659 929 712 973 300

25 991 151 1039 Praesatus
162 988 238 1037 Divos
248 992 305 1039 solio
317 1006 357 1038 rex
367 990 418 1039 iniit
428 993 457 1038 ab
467 990 527 1037 sito:

66 1057 135 1103 Ante
145 1056 247 1116 equidem
258 1055 347 1104 summi
356 1057 385 1103 de
396 1070 421 1104 re
432 1057 543 1111 statuisse,
555 1054 640 1113 Latini,

28 1120 69 1170 Et
81 1120 174 1175 vetlem,
185 1126 209 1168 et
219 1121 293 1168 fueret
304 1122 400 1179 meiius;
417 1136 464 1168 nou
475 1128 577 1183 tempore
587 1122 627 1168 tali

28 1185 130 1248 Cogere
142 1186 268 1241 concilium,
278 1202 330 1234 cum
341 1200 419 1233 muros
430 1186 513 1234 assidet
523 1187 602 1233 hostis.

28 1250 129 1299 Bellum
141 1251 300 1313 importunum,
313 1253 381 1307 cives,
393 1258 525 1313 cumgente
537 1250 642 1299 Deorum

28 1315 179 1378 Inuictisque
189 1316 243 1363 viris
253 1318 361 1379 gerimus,
372 1332 431 1377 quoa
442 1316 504 1363 nulia
513 1314 611 1379 fatigant

29 1380 131 1436 Proeiia,
143 1386 186 1427 ned
196 1382 250 1428 victi
261 1389 357 1444 possunt
365 1381 472 1429 ssststere
482 1381 550 1428 ferro.

30 1446 114 1510 Spem,
127 1446 224 1509 siquam
236 1444 326 1495 adscitis
337 1444 443 1496 AEtolssm
454 1447 562 1495 habuistis
572 1447 596 1494 in
608 1447 683 1504 armis,

28 1512 121 1561 Ponite
128 1529 137 1570 3
151 1528 205 1624 ppes
217 1513 258 1560 sibi
268 1515 370 1576 quisque.
403 1514 455 1570 Sed,
467 1514 517 1561 haeo
527 1521 706 1576 qusmsngusta,
770 1571 773 1574 ¹

136 1578 225 1626 vdetis.

30 1637 130 1694 cetera
140 1641 186 1704 qud
195 1655 270 1692 rerum
277 1645 369 1707 Jaceaut
379 1643 482 1707 perculsa
492 1640 563 1698 ruini,
656 1641 707 1689 sto

29 1710 100 1757 Ante
110 1709 190 1756 oculos
200 1710 303 1771 interque
314 1721 395 1757 manus
406 1716 460 1755 sunt
470 1709 546 1755 omnia
556 1713 650 1755 vestras.

28 1773 87 1822 Nec
97 1788 236 1835 quemquam
245 1774 332 1822 incuso.
366 1774 446 1821 Potuit
456 1788 508 1833 quse
517 1773 614 1833 piurima
623 1773 696 1819 virtus

30 1840 104 1895 Esse,
115 1837 166 1886 fuit.
196 1837 260 1886 Toto
270 1847 380 1887 certatum
392 1845 426 1886 est
438 1853 531 1900 corpore
542 1837 615 1899 regni.

31 1906 107 1954 Nunc
119 1904 182 1958 adeo,
193 1919 245 1965 quoe
256 1905 286 1951 sit
296 1906 370 1952 dubiae
380 1904 494 1951 sententis
504 1904 581 1958 menti,

30 1970 171 2032 Expeditum,
182 1978 206 2016 et
215 1971 293 2031 paucis
304 1970 403 2035 (animos
413 1965 527 2027 adhibete)
539 1966 635 2016 docebo.
703 1997 707 2002 -

31 2035 82 2085 Est
92 2035 198 2096 antiquus
209 2047 264 2097 ager
274 2034 352 2082 Tusco
363 2029 418 2081 mihi
429 2033 545 2095 proximus
556 2034 624 2089 amni,

33 2100 143 2162 Longus,
155 2100 300 2156 inoccatum,
310 2099 368 2146 fines
379 2111 446 2162 super
457 2109 528 2159 usque
539 2097 632 2146 Simuos
638 2115 647 2157 5

32 2164 143 2214 Aurunci
154 2163 279 2225 Rutulique
290 2172 374 2216 serum,
386 2172 410 2211 et
420 2175 513 2211 vomere
523 2163 592 2211 duros

33 2230 157 2279 Exercent
167 2230 243 2282 colles,
255 2237 323 2291 atque
332 2231 413 2276 honam
424 2230 547 2292 asperrima
556 2236 657 2291 pascum.

34 2294 99 2343 Haec
111 2295 185 2342 omnis
195 2296 268 2357 regio,
280 2303 303 2342 et
313 2295 366 2342 celsi
377 2295 445 2358 plage
455 2296 520 2357 pinea
530 2296 621 2353 montis,
656 2297 708 2341 820

35 2359 112 2409 Cedat
124 2360 229 2406 amicitiae
239 2359 397 2417 Teucrorum3
415 2368 439 2407 et
449 2360 542 2407 federis
552 2373 630 2421 tequas

35 2425 151 2473 Dicamus
162 2425 232 2486 leges,
244 2427 362 2487 sociosque
372 2426 396 2472 in
407 2437 479 2488 regns
489 2439 610 2480 vocemus3

38 2489 174 2542 Considunt,
187 2491 205 2536 si
216 2497 294 2539 tantus
305 2507 374 2547 amor,
386 2497 409 2537 et
420 2490 505 2537 moenis
515 2490 621 2536 condant.

37 2556 81 2603 Sin
93 2555 150 2601 ulios
160 2553 218 2602 flues
228 2555 340 2617 aliamque
351 2565 468 2616 capessere
478 2562 571 2616 gentem

36 2620 85 2668 Eat
96 2620 191 2673 animus,
203 2629 343 2681 poscuntque
354 2620 402 2667 solo
413 2618 522 2666 decedere
532 2623 618 2672 nestro,

38 2684 163 2753 Bistonas
174 2683 234 2733 italo
244 2694 347 2733 texamus
358 2686 439 2732 robore
449 2695 526 2738 noves,
