1709 2925
141 154 190 201 aas
244 109 247 113 ¹
337 146 502 199 anemos
517 147 616 201 aaa.

176 281 231 329 Hoc
241 279 291 343 pius
301 279 389 329 AEneas
399 281 469 327 misso
479 281 601 327 certamine
612 280 683 327 tendit

144 347 300 420 Gramineus
316 346 340 392 in
365 360 476 407 campum,
499 360 567 406 quem
593 345 689 393 collibus
714 344 810 406 undique
851 398 852 405 ἵ

239 424 314 456 curvis
351 450 359 467 x

145 473 272 537 cingebant
283 474 346 522 silvae
352 490 361 531 ;
377 471 494 534 mediique
504 475 527 520 iu
535 474 595 523 ualle
606 475 687 522 theatri

145 538 226 589 Circus
237 546 291 594 arat
302 555 348 599 quo
359 554 384 587 se
393 538 471 585 multis
482 554 533 584 cum
544 540 641 586 millibus
651 541 722 592 heros

143 603 259 653 Consessu
269 604 369 651 medium
380 604 431 651 tulit
442 610 600 665 exstructoque
612 605 704 650 resedit.
762 606 805 650 290

144 669 199 723 Hic,
210 670 248 730 qui
258 667 317 716 forte
324 668 395 715 velint
406 668 481 729 rapido
493 669 628 716 contendere
638 684 715 725 cursis,

144 733 231 781 Invitat
242 734 319 795 pretiis
329 734 422 787 animos,
434 739 458 778 et
467 735 560 793 praemia
570 735 641 793 ponit

145 798 254 861 Undique
264 799 401 846 conveniunt
410 795 500 855 Teucri,
512 798 621 861 mixtique
633 797 726 858 Sicani;

144 863 217 912 Nisus
228 871 251 911 et
262 863 377 924 Euryalus
388 863 467 923 primi:

144 928 262 990 Euryalus
272 925 344 974 sormi
354 927 449 989 insignis
459 925 568 986 viridique
574 925 679 989 juventi,

146 993 219 1042 Nisus
230 1008 306 1039 amore
315 992 353 1053 pio
363 992 427 1052 pueri
433 1008 442 1048 ;
459 1007 514 1052 quos
525 991 605 1038 deiude
616 1000 710 1043 secutam

145 1058 235 1120 Regius
246 1053 339 1118 egregii
351 1054 434 1102 Priami
445 1056 473 1102 de
484 1056 552 1118 stirpe
563 1055 665 1114 Diores;

146 1122 219 1170 Hunc
227 1121 307 1175 Sallus,
317 1121 383 1167 simul
389 1127 413 1168 et
419 1119 516 1176 Patrem
527 1136 623 1180 quorum
635 1121 693 1168 alter
699 1120 804 1175 Acarnan,

145 1187 213 1235 Alter
223 1187 250 1233 ab
261 1185 359 1233 Arcadio
370 1183 477 1246 Tegeaeae
487 1186 596 1246 sauguine
606 1188 700 1248 gentis;
713 1238 716 1245 1
730 1228 732 1231 ,

146 1251 208 1300 Tum
220 1252 264 1298 duo
275 1250 385 1298 Trinacrii
392 1251 495 1312 juvenes,
507 1248 623 1310 Helymus
634 1249 784 1314 Panopesque.

146 1318 240 1365 Assueti
251 1316 320 1369 silvis,
331 1315 425 1362 comites
437 1315 530 1361 senioris
541 1315 645 1372 Acestae;
757 1317 799 1363 soi

148 1381 220 1430 Multi
231 1384 344 1443 praeterea,
355 1394 412 1439 quos
422 1377 482 1425 fama
493 1379 587 1426 obscura
597 1381 707 1433 recondit.

147 1445 236 1495 AEneas
247 1445 326 1507 quibus
336 1445 359 1491 in
370 1443 450 1490 mediis
460 1444 492 1491 sie
503 1443 583 1491 deinde
591 1445 682 1493 loeutus
688 1464 697 1504 ;

146 1510 251 1572 Accipite
261 1512 310 1557 haec
321 1508 408 1563 animis,
418 1509 526 1572 laetasque
537 1510 646 1575 advertite
655 1519 750 1559 mentes.

147 1575 226 1623 Nemo
237 1590 266 1622 ex
276 1576 319 1621 hoc
329 1589 423 1621 numero
434 1574 489 1619 mihi
500 1590 545 1620 non
556 1575 652 1622 donatus
659 1577 736 1628 abibit,

148 1641 250 1689 Gnossia
259 1641 311 1687 bina
321 1639 377 1685 dabo
387 1638 462 1685 levato
472 1639 547 1685 lucida
556 1638 617 1687 ferro

149 1706 240 1768 Spicula
251 1704 395 1764 caelatamque
405 1711 500 1766 argento
510 1702 568 1750 ferre
578 1705 710 1766 bipennem:

148 1771 263 1820 Omnibus
271 1770 307 1818 hie
318 1768 361 1816 erit
371 1783 430 1815 uuus
441 1770 520 1815 honos.
552 1766 610 1816 Tres
621 1772 713 1831 praemia
722 1771 781 1834 primi

47 1879 51 1886 .
147 1836 276 1899 Accipient,
287 1832 389 1895 flavique
399 1841 466 1895 eaput
477 1841 595 1880 nectentur
606 1834 682 1882 oliva:
760 1840 800 1888 809
850 1866 852 1873 ·

148 1900 241 1950 Primus
253 1916 334 1962 equum
346 1899 443 1962 phaleris
455 1899 566 1960 insignem
578 1900 650 1945 victor
661 1901 754 1958 habeto;

145 1965 216 2013 Alter
227 1965 377 2012 Amazoniam
388 1966 514 2027 pharetram
525 1964 659 2024 plenamque
670 1967 754 2027 sagittis

146 2028 267 2085 Threiciis,
277 2030 324 2076 lato
335 2045 401 2090 quam
412 2028 602 2089 circumplectitur
612 2044 668 2077 auro
749 2072 753 2078 .

147 2092 250 2149 Balteus,
261 2100 285 2141 et
295 2094 361 2141 tereti
371 2094 482 2142 subnectit
491 2092 558 2140 fibula
568 2094 660 2155 gemmis
666 2111 676 2151 ;

147 2157 241 2206 Tertius
252 2155 361 2219 Argolici
371 2160 412 2204 hac
422 2156 489 2220 galei
498 2166 618 2205 contentus
629 2160 696 2208 abito.

148 2221 211 2269 Haec
222 2222 259 2269 ubi
270 2221 336 2277 dicta
343 2222 418 2268 locum
429 2223 527 2284 capiunt,
539 2224 648 2285 signoque
659 2234 747 2287 repente

146 2286 282 2348 corripiunt
291 2287 363 2347 spatia
372 2286 455 2343 audito,
465 2288 579 2348 limenque
589 2289 722 2350 relinquunt,

148 2351 223 2400 Effirsi
235 2350 310 2398 nimbo
322 2351 420 2398 similes:
440 2353 507 2400 simul
517 2353 596 2401 ultima
605 2355 703 2416 signant
787 2379 789 2382 ·
851 2349 852 2410 Q

149 2416 242 2464 Primus
252 2415 304 2470 abit
314 2414 429 2476 longeque
440 2424 492 2464 ante
503 2419 579 2465 omnia
590 2434 684 2481 corpora
695 2420 756 2470 lhsus
851 2415 852 2436 ¹

148 2479 246 2535 Emicat,
258 2488 282 2527 et
291 2479 365 2526 ventis
376 2486 399 2527 et
408 2478 508 2529 fulminis
519 2499 589 2543 ocyor
599 2484 647 2531 alis

149 2544 272 2594 Proximus
282 2545 341 2598 huic,
351 2544 423 2608 longo
434 2546 474 2592 sed
483 2548 600 2608 proximus
610 2549 730 2606 intervallo,
756 2556 796 2604 sto

150 2606 281 2674 Insequitur
292 2608 382 2660 satus:
396 2609 473 2678 ‹312³th
483 2619 536 2674 post
545 2613 626 2662 deiude
637 2613 712 2669 relicto
