1709 2925
149 128 197 189 rra
342 120 508 177 nummos
524 121 626 171 anun

147 252 202 302 Nec
212 252 322 314 requievit
331 253 399 308 enirn,
411 251 490 309 donec,
500 249 624 301 Calchante
634 252 790 310 minirum...
801 276 805 281 ·

150 319 196 366 Sed
211 318 264 380 quid
275 333 324 427 lege
343 318 393 365 haec
411 324 487 365 autem
505 317 655 381 nequidquam
675 319 762 382 ingrata
778 336 811 379 re·

245 398 274 429 vo
284 381 330 428 vo?
767 388 809 433 101

149 448 241 502 Quidue
251 446 344 494 moror?
356 447 375 494 ai
382 463 462 495 omnes
470 463 516 495 uno
527 447 605 494 ordine
612 449 700 496 habetis
707 449 812 505 Achiuos

148 512 221 574 quue
231 511 308 559 audire
318 519 354 559 sat
364 522 405 568 est,
411 512 545 575 jamdudum
557 514 639 560 sumite
649 529 744 576 poenaa:

148 574 307 637 Hoc-Ithacus
318 577 380 633 velit,
391 585 414 624 et
424 593 508 638 magno
519 586 646 625 mercentur
657 578 754 627 Atridae.

180 640 241 687 Turn
252 658 307 689 vero
318 642 421 689 ardemus
433 643 508 689 scitari
519 650 542 689 et
552 659 654 704 quaerere
664 660 752 703 causas,

149 704 230 769 Igwi
241 708 350 757 scelerum
361 714 476 754 tantorum
486 709 584 769 artisque
595 707 711 770 Pelasgae.

148 770 297 837 l’roaequitur
307 773 417 834 pavitans,
428 782 452 819 et
462 772 515 820 licto
526 781 617 835 pectore
626 772 704 822 satura

181 837 249 899 Saepe
258 837 337 899 fugam
348 835 424 885 Danai
435 835 507 900 TroJ'i
516 836 607 900 cupidre
617 837 698 886 relicti

149 901 240 960 Moliri,
251 909 275 950 et
285 903 356 965 longo
366 901 419 950 fessi
431 902 545 950 discedere
555 904 622 951 bello.

149 965 310 1028 Fecissentque
322 966 420 1015 utinam!
439 983 500 1030 saepe
509 968 562 1016 illos
572 983 650 1031 aspera
660 968 726 1030 ponti
768 970 809 1015 110

149 1029 281 1093 Interclusit
291 1032 369 1086 hiems,
381 1040 404 1078 et
415 1033 495 1079 terruit
507 1033 591 1080 Auster
601 1041 689 1080 euntes.

149 1095 274 1157 Praecipue,
286 1111 337 1142 cum
345 1098 393 1158 iam
403 1098 441 1144 hic
452 1099 549 1145 trabibus
559 1105 679 1145 contextus
690 1098 776 1146 acernis

150 1161 228 1208 Staret
238 1176 317 1222 equus,
329 1169 377 1208 toto
389 1170 514 1209 sonuerunt
524 1164 608 1210 aethere
618 1163 696 1209 nimbi.

149 1222 258 1287 Suspensi
269 1225 412 1289 Eurypylum
423 1229 528 1274 scitatum
538 1229 628 1275 oracula
638 1226 722 1274 Phoebi

149 1291 281 1349 Mittimus;
298 1292 362 1352 isque
372 1293 447 1353 adytis
457 1293 506 1339 haec
517 1294 589 1339 tristia
598 1293 658 1339 dicta
668 1299 779 1371 reportat:
804 1311 808 1315 ’

149 1362 165 1387 “
176 1355 293 1419 Sanguine
303 1355 408 1418 placistis
419 1364 500 1404 ventos
510 1364 535 1403 et
546 1357 633 1419 virgine
643 1372 711 1412 caesa,

151 1418 212 1470 Cum
222 1422 320 1484 primurn
331 1419 412 1470 Iliacas
423 1419 500 1470 Danai
510 1423 603 1470 venistis
613 1422 642 1470 ad
652 1437 717 1470 orna:

151 1487 267 1548 Sanguine
277 1487 391 1548 quaerendi
402 1487 494 1541 reditus,
505 1485 622 1549 animique
631 1487 742 1535 litandum
806 1547 809 1550 x

150 1543 284 1613 Argolica?
312 1549 385 1613 Vulgi
396 1566 448 1612 quae
458 1567 505 1599 vox
515 1560 541 1598 ut
551 1553 614 1599 venit
624 1553 652 1599 ad
663 1568 737 1609 aures,
768 1552 810 1601 119

150 1613 294 1677 Obstupuere
304 1616 390 1671 animis,
401 1616 535 1679 gelidusque
545 1633 585 1679 per
595 1618 641 1663 ima
651 1619 751 1665 cucurrit

84 1715 87 1722 «
149 1680 211 1728 Ossa
221 1689 319 1739 tremor;
335 1680 372 1729 cui
382 1680 428 1728 fata
438 1677 523 1745 parent,
535 1698 601 1744 quem
612 1689 691 1744 poscat
701 1682 791 1746 Apella.

151 1744 200 1793 Hic
211 1744 302 1794 Ithacus
313 1753 389 1796 vatem
400 1762 485 1809 magno
497 1745 622 1796 Calchanta
632 1747 731 1794 tumultu

150 1810 266 1860 Protrahit
276 1812 300 1859 in
311 1811 412 1871 medios;
429 1828 480 1874 quae
491 1813 537 1859 sint
547 1828 574 1859 ea
585 1812 678 1859 numina
688 1810 782 1868 Divhm,

150 1875 258 1939 Flagitat.
285 1877 319 1925 Et
325 1878 384 1924 mihi
390 1878 440 1941 jam
450 1877 516 1924 multi
527 1877 616 1925 crudele
627 1877 738 1925 canebant

149 1940 251 1989 Artificis
262 1943 342 1999 scelus,
353 1949 378 1989 et
387 1943 450 1989 taciti
460 1950 555 1989 ventura
565 1942 679 1990 uidebant.

149 2004 193 2052 Bia
203 2007 284 2067 quinos
295 2009 346 2055 silet
356 2007 393 2054 ille
404 2007 459 2061 dies,
469 2013 588 2068 tectusque
599 2014 687 2054 recusat
746 2003 751 2010 ’

151 2067 252 2118 Prodere
264 2087 319 2119 uoce
331 2070 372 2120 sud
382 2087 523 2133 quemquam,
535 2080 574 2119 aut
585 2088 699 2134 opponere
709 2068 783 2119 morti·

150 2129 200 2179 Vix
210 2136 301 2183 tandem
312 2138 401 2199 magnis
413 2135 486 2183 Ithaci
497 2138 631 2185 clamoribus
642 2145 712 2192 actus,

151 2196 285 2260 composito
296 2203 380 2264 rumpit
389 2217 476 2257 uocem,
488 2208 512 2248 et
522 2218 559 2249 me
569 2202 666 2250 destinat
676 2217 729 2249 nrae.

150 2257 279 2311 Assenadre
289 2281 383 2324 omnes;
400 2274 431 2322 et,
442 2282 494 2330 quae
504 2268 546 2314 sibi
556 2268 651 2328 quisque
661 2267 761 2324 timebat,
841 2307 842 2314 ,

151 2327 228 2375 Unius
238 2329 262 2375 in
273 2330 348 2376 miseri
359 2331 453 2378 exitium
464 2347 573 2379 conversa
582 2329 662 2379 tulere.
726 2353 729 2360 ⁴
768 2329 806 2377 131

150 2393 248 2455 Jamque
260 2394 307 2442 dies
317 2394 408 2443 infanda
418 2397 506 2444 aderat:
526 2397 581 2443 mihi
592 2412 656 2444 sacra
665 2396 745 2460 parari,

150 2458 185 2506 Et
195 2460 261 2507 salsae
270 2458 357 2522 fruges,
368 2471 391 2507 et
402 2461 486 2508 circmn
498 2467 599 2523 tempora
609 2461 682 2508 vittae.

150 2520 239 2585 Eripui‚
249 2524 329 2579 fateor,
340 2524 386 2571 leto
397 2540 443 2582 me,
455 2534 479 2571 et
489 2527 579 2574 vincula
589 2527 639 2588 rupi
646 2523 659 2582 ς’

151 2584 292 2649 Limoaeque
301 2588 352 2636 lacu
362 2603 403 2650 per
412 2595 504 2635 noctem
515 2591 623 2637 obscurus
629 2590 657 2635 in
670 2588 724 2636 ulad

151 2648 247 2708 Deiitui,
259 2653 312 2716 dum
323 2653 375 2702 uela
384 2652 464 2700 darent
474 2654 506 2717 [si
515 2654 574 2710 forte
584 2647 717 2718 dedissent]
803 2703 811 2710 ἡ
