1709 2925
259 99 423 158 AENEIDOS
440 96 552 150 Lavi.
688 101 739 150 21³

66 238 103 287 Hi
115 236 232 285 dominam
244 232 308 281 Ditis
318 231 416 282 thalamo
426 229 537 279 deducere
547 227 626 276 adorti.

67 305 131 359 Quae
142 308 224 349 contra
232 298 331 348 breviter
341 295 387 344 fata
397 303 433 342 est
443 294 581 356 Amphrysia
592 301 671 343 vatest

66 368 150 415 Nullae
161 367 198 411 hic
209 363 296 411 insidiae
307 361 376 418 taies3
393 360 476 406 absiste
486 359 588 408 moveri:

66 432 121 480 Nec
132 431 181 479 vim
193 427 239 476 tela
248 427 338 483 seruum
354 426 407 471 licet
415 425 496 485 ingens
502 425 588 486 J‘anitor
599 430 665 471 antro
691 425 741 472 400

67 498 197 545 AEternum
208 494 431 551 latrausexsangues
441 495 524 536 terreat
533 489 638 545 umbras3

68 561 144 611 casta
155 561 209 607 licet
219 557 293 620 patrui
304 563 379 602 servet
390 552 524 614 Proserpina
533 554 611 600 limen.

66 627 157 680 Troius
168 623 266 678 AEnem,
277 622 360 681 pietate
370 618 466 679 insignis
476 625 500 663 et
510 618 585 675 armis,

68 693 110 740 Ad
120 690 251 753 genitorem
262 687 318 732 imas
330 684 399 731 Erebi
410 682 525 730 descendit
536 681 564 728 ad
574 683 671 731 umbras.

69 758 130 804 site
141 753 206 801 nulla
216 760 293 798 movet
303 755 373 796 tantas
383 747 473 809 pietatis
483 746 567 807 imago,

69 822 105 870 At
115 833 208 866 ramum
218 818 279 863 huuc
291 814 372 877 (aperit
383 826 479 869 ramum,
492 812 530 871 qui
542 817 606 858 veste
615 808 708 871 latebat)

68 887 207 948 Agnoscas.
238 877 336 927 Tumidi
344 892 375 924 ex
385 875 419 923 iri
429 885 478 921 turn
489 874 556 926 corda
566 874 674 924 residunt.

69 951 125 998 Nee
136 949 204 1010 plura
213 947 256 992 his.
289 942 332 989 Ille
342 941 454 988 admirans
464 940 590 986 venerabile
601 939 685 985 donum

70 1015 161 1063 Fatalis
171 1012 253 1073 virgae,
263 1009 334 1069 longo
344 1013 396 1069 post
406 1013 508 1067 tempore
517 1005 598 1059 visum,
647 997 652 1002 ’
739 1037 742 1040 ,

72 1078 208 1129 Coeruleam
219 1074 315 1121 advertit
324 1072 423 1133 puppim,
431 1072 531 1132 ripaeque
540 1069 680 1132 propinquat.
695 1070 745 1116 410

72 1144 133 1194 Iude
144 1143 200 1189 alias
211 1140 307 1195 animas,
318 1152 369 1198 quae
379 1137 484 1198 perjuga
494 1135 563 1196 longa
573 1135 686 1188 sedebant,

72 1209 199 1260 Deturbat,
210 1205 315 1264 laxatque
325 1201 403 1258 foros;
420 1199 487 1246 simul
497 1200 577 1261 accipit
587 1199 652 1245 alveo

73 1272 201 1336 Ingentem
212 1268 312 1318 AEneam
323 1283 325 1288 ’
344 1266 439 1313 Gemuit
450 1265 491 1311 sub
501 1264 599 1326 pondere
609 1265 690 1323 cymba

74 1339 163 1392 Sutilis,
175 1342 199 1382 et
209 1333 304 1381 multam
315 1331 400 1392 accepit
410 1330 493 1376 rimosa
502 1328 613 1390 paludem.
742 1375 745 1380 .

73 1402 181 1458 Tandem
193 1396 359 1446 transfluvium
370 1395 495 1444 incolumes
502 1402 621 1454 vatemque
628 1392 745 1453 virumque

73 1467 175 1515 Informi
186 1467 241 1521 limo
252 1459 375 1525 glaucique
383 1459 478 1521 exponit
488 1460 511 1506 in
522 1456 581 1507 ulvd.

109 1531 226 1585 Cerberus
236 1530 285 1575 haec
295 1527 376 1588 ingens
386 1525 468 1571 latratu
478 1537 549 1585 regna
559 1522 645 1569 trifauci

77 1597 199 1650 Personat,
205 1593 304 1648 adverso
315 1590 424 1637 recubans
435 1588 539 1633 immanis
548 1588 572 1632 in
583 1594 662 1643 antro;

78 1662 125 1712 Cui
136 1667 207 1712 vates,
218 1658 310 1703 homere
322 1654 401 1701 videns
407 1653 456 1713 jam
467 1651 526 1698 colla
535 1650 638 1704 colubris,

78 1726 153 1776 Melle
164 1727 292 1785 soporatam
302 1725 326 1765 et
336 1717 452 1767 medicatis
461 1716 564 1777 frugibus
573 1715 642 1762 offam
697 1717 747 1761 420

79 1791 172 1854 Objicit.
206 1785 249 1833 Ille
258 1784 318 1832 fame
328 1779 404 1829 rabida
412 1781 456 1827 tria
467 1788 559 1842 guttura
568 1779 669 1840 pandens

80 1855 183 1916 Corripit
193 1852 310 1913 objectam,
320 1855 388 1908 atque
398 1845 505 1892 immania
514 1851 579 1905 terga
590 1842 683 1891 resolvit

80 1922 156 1971 Fusus
167 1917 237 1971 humi,
248 1922 340 1974 totoque
350 1913 432 1974 ingena
442 1909 570 1956 extenditur
580 1915 652 1954 antro.

81 1986 186 2046 Occupat
196 1980 283 2029 AEnsas
292 1979 378 2025 aditum
388 1974 482 2022 custode
493 1973 588 2035 sepulto,

82 2050 212 2108 Evaditqus
223 2044 281 2091 celer
292 2044 362 2105 ripam
373 2039 517 2087 irremeabilis
526 2038 600 2085 undae.

116 2112 233 2162 Continuo
243 2109 326 2156 auditae
334 2121 408 2160 voces,
420 2105 510 2167 vagitus
521 2110 544 2150 et
554 2105 642 2166 iugens,

83 2177 246 2236 Infantquue
256 2174 338 2220 animae
348 2171 436 2225 flentes,
447 2171 470 2216 in
481 2169 558 2215 limine
568 2170 656 2231 prim03

85 2246 151 2300 Quos
161 2241 233 2288 dulcis
243 2240 297 2286 vitae
308 2243 416 2290 exsortes,
427 2242 452 2282 et
462 2234 489 2281 ab
499 2235 567 2281 ubere
578 2241 660 2296 raptos,
746 2278 749 2285 ,

83 2307 186 2363 Abstulit
196 2312 245 2352 atra
255 2304 309 2356 dies,
320 2308 344 2348 et
353 2300 432 2347 funere
441 2299 520 2346 mersit
530 2301 617 2347 acerbo.
742 2344 745 2351 ,

86 2374 139 2422 Hos
145 2370 214 2435 juxta
224 2368 281 2415 falso
292 2366 390 2413 damnati
400 2365 493 2413 crimine
503 2366 589 2412 mortis.
701 2365 750 2409 430

85 2438 136 2486 Nec
147 2451 203 2483 vero
213 2435 250 2480 has
261 2434 310 2478 sine
321 2438 381 2477 sorte
392 2430 457 2484 datae,
468 2430 516 2476 sine
522 2430 605 2491 judice,
617 2427 689 2473 sedes.

88 2498 293 2557 QuaesitorMinos
304 2510 381 2542 urnam
393 2503 484 2549 movet;
501 2495 539 2539 ille
549 2493 654 2539 silentum

89 2565 260 2623 conciliumque
270 2569 343 2614 vocat,
355 2560 457 2619 vitasque
466 2566 491 2604 et
501 2558 594 2603 crimina
604 2554 676 2598 discit.

88 2628 374 2697 Proximpdsindetenent
384 2622 526 2685 incesti-loca,
537 2620 575 2681 qui
586 2617 626 2664 sibi
636 2616 706 2662 letum
745 2666 749 2673 ,
