1709 2925
106 137 108 141 ,
154 107 188 151 28
330 100 516 153 BUCOLICA.
533 103 594 152 Eos„
604 103 651 152 IX.

435 263 543 296 LYOEDAS.

158 329 196 378 Sic
207 336 246 377 tua
257 327 360 391 Cyrneas
369 329 460 393 fugiant
471 331 575 377 examina
584 336 666 388 taxos3
802 338 837 381 so

158 397 196 443 Sic
207 397 280 456 cytiso
291 404 362 456 pastae
372 396 499 442 distendant
510 395 578 442 ubera
587 409 677 440 vaccae:

157 458 242 522 Incipe,
254 462 272 506 si
284 460 337 521 quid
347 461 422 507 habes.
455 459 489 506 Et
499 475 536 507 rne
546 457 620 506 secire
629 460 721 521 potum

157 523 259 571 Pierides
265 542 273 583 ;
292 532 344 571 suut
354 526 443 571 etmihi
454 525 567 581 carmina3
584 539 621 570 rne
631 539 720 585 quoque
731 525 820 572 dicunt

156 588 239 636 Vatern
250 597 363 651 pastores:
383 591 422 636 sed
434 604 480 636 non
491 605 535 651 ego
547 588 650 636 credulus
660 589 712 635 iliis.

157 652 219 701 Nam
229 670 301 715 neque
311 656 383 701 adhuc
394 653 467 701 Vario
476 655 562 709 videor,
573 668 615 699 nec
626 654 699 699 dicere
711 651 794 701 Onnd

156 717 244 781 Digna,
255 720 295 767 sed
305 727 397 783 argutos
407 720 467 766 inter
477 727 576 780 strepere
586 733 652 765 anser
662 718 744 765 olores.

443 848 536 881 MOERIS·

157 910 186 960 Id
204 914 294 976 quidem
315 929 366 976 ago,
388 922 411 961 et
432 915 520 969 tacitus,
543 912 638 975 Lycida,
665 928 757 961 mecum
782 916 835 978 ipse

254 980 338 1034 voluto,

158 1042 183 1090 si
193 1044 280 1090 valeam
291 1042 435 1101 meminisse3
453 1058 526 1104 neque
536 1050 571 1090 ost
580 1043 680 1106 ignobile
690 1058 794 1091 carmen.

158 1115 173 1138 “
185 1106 240 1155 Huc
251 1108 312 1164 ades,
324 1125 338 1154 ο
351 1108 460 1165 Galatea;
472 1110 522 1169 quis
531 1119 566 1155 est
574 1124 626 1154 narn
634 1109 699 1155 ludus
710 1110 735 1155 in
742 1108 833 1156 undis?

158 1170 207 1219 Hic
218 1189 258 1219 ver
269 1189 404 1235 purpureum
413 1190 420 1230 ;
433 1174 507 1219 varios
517 1174 553 1219 hic
564 1172 657 1220 flumina
667 1174 753 1220 circum
799 1178 834 1221 40

158 1236 244 1285 Fundit
251 1240 336 1285 humus
346 1238 431 1294 flores;
447 1239 483 1285 hic
494 1238 587 1284 candida
597 1238 692 1300 popuius
702 1245 771 1286 antro

158 1299 274 1358 Imminet,
286 1311 309 1350 et
319 1305 388 1350 lentae
399 1311 480 1350 texunt
491 1303 620 1349 umbracula
630 1304 695 1350 vites.

157 1365 213 1414 Huc
225 1368 291 1415 ades:
311 1369 383 1414 insani
393 1368 475 1414 feriant
485 1368 534 1415 sine
543 1368 610 1415 litora
620 1365 726 1415 fluctus-’⁹

436 1499 545 1531 uenias.

153 1563 228 1618 Quid,
239 1579 290 1624 quaa
301 1570 324 1609 te
334 1561 391 1625 purd
402 1564 475 1611 solum
487 1566 527 1611 sub
539 1572 605 1612 nocte
615 1571 733 1613 canentem

157 1628 299 1676 Audieram?
316 1643 422 1676 numeros
433 1631 534 1688 memini,
545 1632 564 1676 si
575 1631 643 1678 verba
653 1639 762 1680 tenerem.

447 1759 539 1795 παυς.

159 1831 174 1856 “
186 1823 287 1888 Daphni,
298 1825 352 1886 quid
363 1826 466 1887 antiquos
477 1827 594 1889 signorum
605 1825 699 1889 suspicIs
710 1828 796 1875 ortus?

157 1889 222 1938 Ecce
233 1890 325 1937 Dionaei
334 1893 445 1953 processit
457 1888 556 1940 Caesaris
565 1899 651 1938 astrum
660 1910 667 1950 ;

158 1957 260 2009 Antrum,
271 1971 317 2015 quo
328 1964 418 2017 segetes
459 1958 553 2003 uderent
563 1956 672 2018 [rugibua
684 1963 707 2003 et
718 1973 765 2018 quo

158 2018 261 2066 Duceret
272 2022 352 2079 apricis
363 2022 386 2067 in
397 2037 424 2067 co
442 2022 491 2067 ‘bus
502 2036 546 2067 ura
555 2020 661 2067 colorem.
794 2027 830 2072 49

158 2081 246 2141 Insere,
258 2082 357 2147 Daphni,
369 2087 444 2148 piros5
460 2092 552 2147 carpent
562 2092 601 2132 tua
610 2100 677 2147 poma
687 2087 808 2148 nepotee”

158 2147 243 2195 Omnia
252 2147 296 2196 fert
305 2158 368 2205 aetas,
379 2152 478 2196 animum
490 2159 593 2211 quoque3
610 2165 670 2211 saepe
681 2165 727 2212 ego
738 2152 823 2217 longos

159 2211 278 2261 Cantando
289 2229 383 2275 puerum
394 2215 486 2260 memini
497 2230 534 2261 me
544 2215 641 2261 condere
651 2215 718 2261 soles.

158 2277 228 2325 Nunc
239 2278 307 2325 oblita
317 2280 371 2325 mihi
382 2285 417 2326 tot
428 2280 541 2334 carmina3
558 2294 604 2326 vox
614 2294 704 2340 quoque
715 2279 808 2331 Moerin

158 2341 211 2392 Jam
222 2342 282 2405 fugit
292 2345 353 2404 ipsas
371 2344 419 2405 lupi
431 2344 518 2390 Moerin
529 2341 606 2390 vidire
616 2344 708 2406 priores.

159 2407 205 2456 Sed
215 2415 290 2454 tamen
301 2409 345 2455 ista
356 2410 410 2455 satis
420 2408 502 2455 referet
512 2409 551 2456 tibi
563 2424 624 2471 saepe
635 2407 761 2458 Menalcas

438 2537 547 2569 DYCIDAS·

157 2600 280 2652 emund
291 2608 381 2652 nostros
390 2603 414 2651 in
425 2603 521 2667 longum
532 2603 595 2651 ducis
605 2584 701 2650 amores.
