1709 2925
228 107 395 199 nummos
409 145 551 201 summ
678 157 723 202 sn
818 219 826 234 s

44 282 114 337 Quid
126 281 213 329 causas
222 281 281 344 petis
291 294 321 329 ex
331 282 394 330 ulto?
411 280 492 331 fiducie
502 284 571 330 cessit

47 348 105 401 Quo
117 348 169 402 tibi,
182 344 253 402 Diva,
265 346 327 393 mei?
344 347 424 394 similis
435 350 454 394 si
465 361 519 395 cura
529 349 617 403 fuisset,
728 401 731 408 ,

48 411 113 460 Trmr
126 426 222 471 quoque
231 411 266 458 fus
276 413 341 458 nobis
351 411 454 459 Teucros
464 428 551 460 armare
560 413 654 473 fuissem

48 476 104 523 Nec
116 476 192 524 Peter
203 477 346 539 omnipotens
355 476 457 539 Trojem,
468 494 511 525 uec
520 478 568 525 iste
577 481 685 526 retebant

52 542 128 597 Stare,
140 542 266 602 decemque
277 542 333 589 ulios
344 540 460 589 Primnum
472 557 588 604 superesse
597 555 638 605 per
649 558 733 591 ennon

52 606 86 653 Et
97 621 171 661 nuuc,
183 608 203 653 si
214 607 297 654 bellare
306 617 379 669 purus,
391 614 459 668 etque
469 609 567 655 baectibi
577 623 641 655 mens
652 616 694 664 est,

53 670 176 732 Quidquid
183 672 208 718 iu
220 679 267 718 arte
277 670 329 718 mei
338 685 431 733 possum
443 674 573 735 promittere
583 688 651 730 curre,
678 677 725 720 401

54 735 126 790 Quod
137 736 188 783 fieri
198 736 258 783 ferro
268 737 382 798 liquidove
392 744 469 799 potest
480 738 571 793 electro,
753 789 757 800 b

53 800 176 854 Quontum
187 803 254 863 ignes
263 803 389 864 animaeque
398 803 492 870 velent3
508 803 591 849 obsiste
600 803 715 865 preeundo

54 865 153 913 Vinbus
162 867 289 913 indubitare
299 869 351 914 tuis.
384 867 422 914 Ee
433 869 501 915 verbs
510 868 606 923 locutus,

56 931 157 994 Optatos
167 932 230 978 dedit
240 932 362 994 amplexus,
373 933 530 996 placidumque
540 933 620 995 petivit

58 995 173 1059 conjugis
183 996 272 1044 infusus
282 999 370 1059 gremio
380 1011 420 1060 per
431 1001 531 1045 membru
541 1013 653 1060 soporem.
741 1001 743 1006 ’
823 1015 828 1020 ·

89 1060 156 1116 Inde,
169 1062 206 1108 ubi
216 1061 289 1125 primu
299 1064 363 1123 quies
373 1063 449 1109 medlo
455 1066 504 1126 juni
515 1065 589 1111 noctis
600 1065 685 1110 ubectae

59 1124 180 1175 Curriculo
191 1128 308 1189 expulerat
319 1137 439 1185 somnum3
456 1143 508 1175 cum
519 1129 603 1176 femina
612 1129 718 1191 primum,

58 1190 103 1240 Cui
114 1191 212 1239 tolerare
222 1193 273 1239 colo
282 1194 353 1240 ritum
364 1194 471 1255 tenuique
482 1192 590 1241 Minervio

57 1255 202 1319 Impositum,
212 1259 312 1305 cinerem
324 1267 347 1305 et
357 1260 443 1321 sopitos
455 1260 549 1305 suscitat
558 1260 630 1320 ignes,
680 1249 730 1304 416

57 1321 159 1370 Noctem
170 1323 256 1370 addens
267 1326 344 1385 operi3
361 1324 502 1385 famulusque
512 1325 540 1370 ad
551 1324 637 1371 luminu
646 1322 719 1386 longo

57 1387 160 1435 Exercet
170 1403 249 1451 penso,
261 1396 347 1436 castum
359 1396 385 1436 ut
395 1401 486 1446 seruere
496 1389 569 1436 cubile
722 1413 724 1416 v

52 1451 179 1518 conjugis,
191 1462 215 1502 et
225 1455 297 1518 possit
306 1470 388 1517 perros
399 1454 496 1505 edutere
506 1462 585 1504 notos:

9 1554 13 1559 -
58 1518 131 1567 Haud
142 1532 207 1567 secus
218 1518 360 1583 Ignipotens,
371 1536 414 1568 uec
424 1529 526 1584 tempore
536 1520 628 1584 segnior
638 1520 685 1578 illo,

58 1583 169 1632 Mollibus
181 1601 194 1632 e
205 1587 281 1632 stratis
291 1598 359 1647 operu
369 1588 397 1633 ed
404 1586 491 1634 fabrilia
502 1588 582 1648 surgit.

90 1649 170 1697 Insula
180 1650 369 1712 Sicaniumjuxtu
378 1652 438 1698 lutus
449 1652 594 1712 AEoliamque

59 1713 163 1778 Erigitur
174 1714 280 1777 Liparen,
291 1715 429 1763 fumantibus
440 1718 510 1763 ardua
520 1717 596 1771 sarim
717 1762 725 1779 Ι,

60 1781 137 1835 Quam
148 1781 224 1827 subter
235 1794 315 1842 specus
325 1787 349 1827 et
360 1778 489 1842 Cyclopum
500 1794 569 1827 exesa
580 1777 675 1825 cuminis

59 1847 135 1893 Autra
145 1844 239 1892 AEtnaeu
249 1853 336 1902 touunt,
347 1845 461 1907 validique
470 1845 588 1892 incudibus
599 1845 657 1889 ictus

60 1912 140 1958 Auditi
151 1910 251 1957 referunt
261 1912 381 1973 gemitum,
393 1911 535 1971 striduntque
545 1909 648 1956 cavernis
680 1904 729 1954 420

60 1976 178 2023 Stricturae
190 1973 323 2037 Chalybum,
335 1984 359 2022 et
369 1975 498 2023 fornacibus
508 1975 569 2037 iguis
580 1973 670 2020 anhelat
676 1989 685 2031 ;
724 2032 725 2035 Ἴ

59 2041 158 2088 Vulcuni
169 2041 255 2097 domur,
267 2048 291 2088 et
302 2040 414 2089 Vulcania
424 2041 516 2088 nomine
527 2040 601 2087 tellus.

61 2104 117 2153 Huc
128 2113 183 2152 tunc
194 2104 329 2168 Ignipotens
339 2107 398 2153 coelo
409 2107 525 2153 descendit
536 2107 563 2152 ub
573 2105 628 2152 ulto.

61 2171 156 2218 Ferrum
167 2173 301 2218 exercebunt
311 2178 375 2218 vasto
388 2170 503 2233 Cyclopes
512 2173 536 2218 iu
548 2178 622 2228 antro,

62 2235 211 2296 Brontesque,
227 2236 383 2298 Steropesque,
398 2244 421 2283 et
437 2237 512 2285 nudus
527 2239 627 2284 membra
642 2235 728 2297 Pyrac-

157 2315 218 2347 mon.

63 2365 109 2412 His
120 2364 264 2412 informatum
275 2367 378 2412 munibus
384 2368 433 2430 Jum
444 2374 508 2429 perte
517 2366 589 2429 politti

62 2429 158 2477 Fulmen
169 2437 231 2488 erat3
248 2439 297 2478 toto
308 2433 400 2493 genitor
409 2448 461 2493 quae
472 2434 569 2494 plurimu
579 2430 639 2477 coelo

64 2494 149 2558 Dejictt
159 2494 182 2540 iu
193 2503 280 2554 terrss3
296 2510 348 2558 pers
358 2497 490 2559 imperfecta
500 2497 611 2543 manebat.

62 2558 120 2608 Tres
131 2560 206 2606 imbris
216 2564 269 2607 torti
282 2562 362 2614 radios,
373 2570 420 2608 tres
431 2564 497 2621 uubis
507 2573 599 2620 uquosae

63 2624 206 2678 Addiderunt,
219 2626 278 2672 rutili
288 2633 336 2672 tres
345 2627 407 2686 iguis
416 2633 441 2671 et
451 2626 510 2671 alitis
522 2622 599 2668 austri.
680 2621 730 2664 430

63 2686 174 2752 Fulgores
184 2705 245 2737 nunc
253 2689 376 2746 horrificos,
388 2690 538 2751 sonitumque,
549 2692 686 2743 metumun
794 2686 797 2693 ’
