1709 2925
141 132 192 179 8⁴⁰
328 122 494 175 AENEIDOS
510 122 564 173 Lu.
576 120 626 174 XI.

143 257 263 314 Venstrix,
275 270 345 305 unum
356 270 386 303 ex
396 254 459 302 omni
470 256 594 302 certamine
606 271 695 319 pugnae
772 258 815 308 'm

144 324 215 374 Creon
225 324 369 385 sequebatur3
386 328 505 381 totumque
515 322 606 368 incente
616 337 658 384 per
670 338 757 386 agmen

145 388 255 438 Femineo
266 387 349 450 praedae
359 394 383 433 et
394 386 516 448 spoliorum
528 386 621 433 erdebet
631 403 714 435 surore
720 407 729 447 ς

144 453 227 502 Telum
238 466 268 500 ex
278 452 365 499 insidiis
375 466 427 498 cum
439 451 529 497 tandem
540 459 645 513 ternpore
654 461 725 513 capto

145 517 259 572 Concitet,
270 525 294 564 et
304 532 398 579 superos
409 515 499 563 Arruns
510 516 543 563 sic
553 531 611 562 voce
621 528 746 580 precatur:

145 584 239 632 summ
251 582 336 637 Deum,
348 582 419 629 uncti
430 588 507 631 custos
519 581 620 629 Soractis
632 583 728 644 Apollo,

146 648 222 704 Quem
233 648 299 710 primi
310 647 411 701 colimus,
423 647 459 692 cui
470 647 550 707 pineus
560 646 629 693 ardor
638 663 726 696 acervo

145 712 264 771 Pascitur;
281 720 305 760 et
315 711 413 758 medium
423 709 476 757 freti
487 712 570 773 pietate
579 727 620 774 per
631 714 714 775 ignem

146 776 255 827 Cultorcs
265 776 337 825 multi
345 776 468 838 premimus
479 777 577 838 vestigia
586 777 673 838 pruni3

146 842 194 900 De,
206 843 282 899 Peter,
293 843 336 890 boc
347 842 432 888 nostris
441 841 525 888 aboleri
536 842 634 890 dedecus
645 844 724 900 ermis,

147 908 306 971 Omnipotens·
337 906 394 954 Non
405 906 506 961 exuvias,
517 906 618 968 pulsnm
630 915 745 971 tropaeunr
772 912 817 956 790

147 971 258 1037 Virginis,
269 980 309 1020 aut
319 973 392 1034 spolia
402 971 448 1019 ulls
458 978 520 1033 peto.
549 971 611 1018 Mihi
622 981 710 1021 caetera
720 974 804 1021 huden

147 1036 220 1086 Facis
228 1038 309 1085 ferent.
342 1036 404 1084 Haee
414 1037 462 1082 dirs
470 1051 522 1082 mco
533 1037 587 1083 dum
598 1038 697 1086 vulnere
707 1040 777 1101 pestis

147 1101 218 1152 Pulsa
228 1103 300 1156 cedet,
310 1103 394 1164 patrius
404 1103 509 1148 remcsbo
518 1101 629 1163 inglorius
640 1105 718 1152 urbes.

146 1167 234 1223 Audiit,
246 1175 269 1214 et
279 1167 327 1214 voti
338 1166 440 1213 Pboebus
448 1166 568 1213 succedere
577 1176 667 1229 partem

147 1231 231 1281 Mente
241 1233 318 1290 dedit;
334 1239 422 1295 purtem
429 1232 534 1278 volucres
541 1231 647 1293 dispersit
652 1234 681 1280 -in
691 1249 766 1282 surus.

149 1299 265 1346 Sterneret
276 1304 302 1345 ut
317 1294 390 1345 subiti
401 1297 513 1344 turbstem
523 1304 597 1343 morte
609 1296 742 1354 Camillum,

148 1363 239 1411 Annuit
249 1364 339 1411 orantis
359 1362 465 1409 reducem
475 1367 501 1408 ut
511 1363 583 1424 petria
594 1363 640 1411 elts
650 1364 751 1422 videret,

148 1428 205 1478 Non
216 1429 293 1486 dedit3
310 1429 378 1491 inque
389 1425 466 1476 Notos
478 1442 557 1475 vocem
569 1425 658 1476 vertite
669 1430 785 1492 procellis

149 1493 224 1557 Ergo,
235 1502 261 1541 ut
271 1495 340 1542 missu
350 1508 419 1541 msnu
435 1494 534 1541 sonitum
549 1493 611 1541 dedit
621 1496 687 1541 besta
697 1510 740 1558 per
750 1501 816 1546 smus

149 1558 291 1611 Convertire
301 1560 389 1607 animos
396 1574 466 1615 neres,
478 1558 600 1620 oculosque
611 1557 691 1616 tulire,
774 1562 818 1607 8⁰⁰

151 1624 235 1683 Cuncti
246 1624 274 1673 sd
285 1626 386 1688 reginum
397 1623 485 1671 Volsci.
518 1623 584 1670 Nihil
593 1625 642 1686 ipss
652 1640 728 1687 neque
740 1640 800 1674 sures

148 1690 202 1741 Nec
212 1691 299 1740 sonitus
309 1705 403 1746 mernor,
415 1698 455 1736 sut
464 1689 576 1737 venientis
586 1690 614 1737 ab
624 1691 711 1739 aetbere
721 1692 777 1750 teli;

151 1756 228 1806 Haste
238 1758 280 1805 sub
290 1762 401 1804 exsertum
413 1755 486 1801 donec
495 1755 582 1817 perlstn
591 1756 700 1817 papillam

149 1821 235 1879 Hoesit,
245 1823 418 1884 virgineumque
428 1821 474 1867 alte
485 1820 540 1865 bibit
550 1828 601 1867 acte
611 1836 725 1869 cruorem.

150 1886 298 1936 Concurrunt
308 1886 401 1947 trepidae
411 1886 513 1939 comites,
524 1885 684 1947 dominamque
695 1895 798 1934 ruentem

151 1952 289 2015 Suscipiunt
320 1950 392 2013 Fugit
402 1959 456 1997 ente
466 1965 545 1997 omnes
558 1951 680 1997 exterritus
693 1952 791 2008 Arruns,

150 2014 244 2063 Laetitid
255 2019 372 2078 mixtoque
381 2018 460 2072 metu}
478 2030 520 2061 uec
525 2017 575 2076 jem
586 2016 683 2077 amplius
694 2018 768 2066 haste

151 2079 258 2135 Credere,
269 2097 312 2129 nec
322 2081 373 2128 telis
383 2095 502 2128 occurrere
512 2081 607 2141 virginis
617 2082 692 2127 sudet.

151 2145 189 2193 Ac
200 2146 263 2192 velut
273 2146 318 2201 ille,
326 2148 389 2209 prius
398 2160 465 2206 quem
476 2145 522 2191 tela
531 2145 622 2191 inimica
632 2155 764 2207 sequentem

153 2208 270 2259 Continuo
280 2212 303 2257 in
314 2220 405 2257 montes
416 2226 467 2257 sese
475 2210 540 2256 uvius
551 2210 633 2256 abdidit
641 2211 711 2270 altos,
775 2214 817 2259 810

152 2274 237 2323 Occiso
248 2286 344 2336 pastore,
354 2275 429 2337 lupus,
440 2290 554 2336 magnove
559 2276 668 2337 juvenco,

153 2339 266 2390 Conscius
277 2341 367 2385 audacis
378 2339 439 2393 facti,
450 2340 587 2400 caudamque
598 2341 727 2388 remulcens

154 2405 254 2466 SubJecit
263 2405 399 2465 pavitantem
411 2413 483 2457 utero,
496 2404 607 2465 silvasque
617 2406 713 2466 petivit:

152 2466 225 2515 Haud
235 2483 300 2514 secus
311 2482 341 2513 ex
351 2468 459 2514 oculisne
470 2468 571 2515 turbidus
581 2469 674 2516 abstulit
687 2472 783 2530 Arruns,

151 2529 324 2591 Contentusque
333 2530 390 2592 fugi
400 2533 479 2590 mediis
489 2547 515 2578 se
525 2534 646 2580 immiscuit
657 2537 735 2582 armis.

152 2591 197 2639 llls
206 2608 275 2639 mann
285 2595 384 2641 moriens
395 2597 465 2641 telum
477 2597 559 2644 trahit:
578 2612 631 2645 ossa
641 2599 682 2644 sed
693 2601 756 2648 inies

150 2654 248 2704 Ferreus
258 2658 287 2705 td
297 2664 371 2707 costes
381 2657 428 2706 alto
440 2666 486 2709 stnt
496 2661 591 2710 vulnere
601 2677 690 2710 mucro.
