1709 2925
245 113 411 165 AENEIDOS
428 115 483 164 Lrs.
493 115 555 165 XII.
683 123 732 168 ³59

55 247 154 309 Eripuit
163 229 260 294 Tumor
279 261 323 294 neo
334 245 369 293 Di
380 244 458 293 texere
470 245 610 308 Cupencum,

56 311 140 360 AEned
151 313 262 366 veniente,
275 313 325 368 sui;
344 311 405 358 dedit
416 312 483 359 obvia
493 312 554 359 ferro
684 316 733 362 540

57 378 176 434 Pectom;
194 394 236 424 nee
246 377 329 423 misero
338 376 411 438 clypei
422 392 486 424 mors
496 377 581 439 profuit
592 377 652 424 aerei.

56 442 97 490 Te
107 458 198 504 quoque
208 442 336 490 Laurentes
346 441 458 497 viderunt,
470 442 546 498 AEole,
558 444 631 505 campi

58 508 186 570 Oppetere,
196 516 220 555 et
230 508 275 555 late
286 516 368 554 terram
380 515 527 554 consternere
537 517 616 570 tergo;

58 573 162 629 Occidis,
174 574 270 635 Argives
281 588 348 634 quem
360 587 406 619 nou
416 570 511 633 potuere
521 573 645 635 phalanges

60 639 177 696 Sternere,
189 654 230 685 nec
243 637 327 685 Priami
339 652 462 699 regnorum
473 652 565 684 eversor
576 638 693 695 Achillen

59 702 111 750 Hic
123 704 162 750 tibi
173 704 253 750 mortis
264 711 329 750 erant
340 710 422 758 metae;
441 703 522 749 domus
532 703 578 750 alta
589 704 631 750 sub
641 702 685 751 lds
690 717 700 762 ς

60 764 173 829 Lyrnessi
185 770 265 817 domus
276 768 328 823 aits,
340 768 388 815 solo
399 766 517 814 Laurente
527 768 663 830 sepulerum.

59 833 131 881 Totae
143 835 198 881 adeo
209 849 326 881 conversae
337 834 403 888 acies,
415 848 538 894 omnesque
551 831 636 887 Latini,
703 836 704 839 ’

60 899 151 947 Omnes
162 899 314 946 Dardanidae:
334 897 478 951 Mnestheus,
489 913 585 959 acerque
596 898 706 954 Serestus,

60 963 97 1012 Et
108 963 230 1027 Messapus
238 964 321 1025 equdm
333 963 436 1019 domitor,
449 971 472 1010 et
482 961 548 1023 fortis
559 963 651 1024 Asylas,
684 967 733 1013 550

60 1027 235 1091 Tuscorumque
245 1029 350 1092 phalanx,
363 1028 509 1089 Euandrique
520 1030 623 1077 Arcades
634 1030 684 1078 ulae.

62 1092 112 1142 Pro
124 1111 148 1142 se
159 1096 259 1156 quisque,
271 1095 314 1141 viri
327 1093 416 1141 summi
426 1095 529 1141 nituntur
540 1109 608 1156 opum
619 1095 658 1142 vir

61 1159 116 1207 Nec
128 1176 197 1216 mora,
209 1175 251 1207 nec
259 1161 364 1221 requies;
381 1167 447 1207 vasto
458 1160 580 1207 certamine
591 1162 694 1208 tendunt.

98 1222 148 1272 Hie
158 1234 258 1272 merrtem
266 1225 350 1272 AEneoe
361 1224 462 1288 genitrix
472 1224 622 1287 pulcherrima
632 1227 700 1283 misit

61 1289 113 1337 Iret
124 1303 149 1337 ut
160 1290 188 1337 ad
199 1307 283 1347 muros,
295 1291 388 1351 urbique
398 1290 526 1337 adverteret
536 1304 620 1352 agmen

61 1357 151 1416 Ocytrs,
162 1363 186 1404 et
197 1355 269 1403 subiti
280 1357 379 1403 turbaret
390 1355 453 1402 clade
464 1354 567 1402 Latinos.

61 1421 117 1478 Ille,
129 1428 162 1478 ut,
173 1422 289 1484 vestigans
300 1421 388 1469 diversa
399 1436 440 1483 per
451 1421 543 1484 agmina
554 1418 667 1478 Turnum,

62 1487 121 1536 Huc
132 1495 199 1549 atque
210 1488 253 1534 huc
265 1489 324 1534 acies
335 1487 480 1543 circumtulit,
492 1486 587 1549 adspicit
597 1488 674 1534 urbem

62 1552 194 1600 Immunem
207 1553 262 1599 tanti
274 1553 333 1607 belli,
345 1560 412 1613 atque
422 1553 514 1614 impune
524 1553 631 1613 quietam.

62 1618 182 1668 Continuo
193 1633 278 1681 pugnae
288 1618 391 1665 accendit
401 1618 492 1680 majoris
503 1619 593 1678 imago:
684 1618 734 1664 560

62 1684 188 1732 Mnesthea
199 1682 376 1746 Sergestumque
386 1690 453 1729 voest
463 1681 589 1742 fortemque
599 1681 724 1735 Serestum,

62 1749 189 1803 Ductores,
201 1747 357 1810 tumulumque
368 1748 442 1809 capit;
459 1762 504 1808 quo
515 1754 598 1794 caeters
607 1746 725 1795 Teucrdm

63 1813 189 1864 Concurrit
199 1814 275 1876 legio;
293 1829 336 1860 nec
347 1820 411 1860 scuta
421 1818 461 1859 sut
472 1811 557 1875 spicula
567 1812 631 1859 densi

62 1879 200 1942 Deponunt.
233 1877 302 1929 Celso
313 1879 401 1926 medius
412 1885 475 1925 stans
486 1892 571 1939 aggere
581 1876 656 1925 fatur:

62 1945 104 1993 Ne
115 1960 159 2006 qua
170 1945 226 1991 meis
237 1951 287 1992 esto
298 1944 364 1991 dictis
374 1958 446 1991 mora.
478 1941 569 2004 Jupiter
579 1943 621 1989 hac
632 1950 683 1991 stat.

62 2010 119 2058 Neu
128 2011 179 2071 quis
191 2011 219 2056 ob
230 2011 344 2072 inceptum
356 2009 454 2056 subitum
466 2009 521 2054 mihi
533 2007 624 2069 segnior
631 2008 671 2055 ito.

64 2074 153 2122 Urbem
165 2076 238 2131 hodie,
250 2090 341 2122 causam
352 2074 413 2131 belli,
425 2089 497 2136 regns
506 2074 555 2135 ipsa
566 2070 652 2128 Latini,

63 2139 99 2188 Ni
109 2140 198 2188 srenum
210 2141 312 2203 accipere
322 2148 346 2187 et
357 2140 410 2186 victi
422 2155 501 2200 perere
510 2139 618 2196 fatentur,

63 2205 159 2261 Eruam,
171 2214 195 2252 et
206 2220 271 2266 aeque
282 2206 331 2252 solo
341 2204 452 2252 fumantis
463 2204 560 2251 culmiua
572 2219 662 2266 ponam.

64 2271 158 2318 Scilicet
168 2279 305 2333 exspectem,
316 2271 384 2317 libeat
394 2271 448 2316 dum
457 2269 537 2333 proelia
548 2267 628 2317 Turno
688 2272 738 2317 570

63 2334 152 2383 Nostro
163 2337 227 2397 pati3
245 2352 367 2397 rursusque
378 2336 434 2382 velit
444 2349 579 2382 concurrere
590 2334 680 2381 victus?
731 2342 733 2344 ’

64 2400 121 2449 Hoc
133 2408 208 2463 caput,
220 2417 234 2447 o
246 2402 315 2456 ciues,
327 2402 376 2448 haec
386 2401 439 2449 belli
451 2416 540 2447 summa
550 2399 649 2447 nesaudi.

64 2465 134 2514 Ferte
145 2465 207 2512 faces
217 2482 318 2528 propere,
330 2465 451 2526 foedusque
461 2467 573 2525 reposcite
584 2464 689 2511 flammis.

64 2530 171 2585 Dixerat,
182 2541 250 2593 atque
259 2532 340 2579 animis
352 2533 434 2592 pariter
445 2531 582 2576 certantibus
592 2544 672 2574 omnes

64 2596 131 2644 Dant
142 2612 256 2655 cuneum;
273 2595 389 2657 densisque
400 2596 428 2643 ad
439 2611 517 2641 muros
528 2594 588 2640 mole
598 2594 709 2642 seruntur.

65 2663 138 2712 Scslae
149 2663 280 2725 improviso,
293 2662 424 2724 subitusque
435 2660 537 2723 apperuit
547 2659 615 2721 iguis.
