1709 2925
7 228 31 329 {l

310 82 481 146 ‘anemos
497 94 606 144 πων.
748 101 794 147 res

120 224 234 281 Atlantis,
244 225 344 274 cinctum
355 227 445 274 assidue
454 226 491 273 cui
501 227 597 274 nubibus
608 226 663 274 atris

5 306 28 350 ς.
122 289 253 339 Prniferum
265 299 333 355 ceput
343 300 366 339 et
376 300 446 339 vento
455 292 558 353 pulsatur
568 301 591 338 et
602 292 681 348 imbri;

122 355 174 403 Nix
184 358 293 404 humeros
303 356 378 404 inlusa
388 358 461 419 tegit3
477 364 525 403 tum
538 357 630 404 flumina
641 364 718 404 mento
745 358 795 404 250

21 438 24 445 a
124 419 274 484 Pracipitant
285 422 352 476 senis,
364 429 388 468 et
398 422 471 483 glacie
481 422 539 483 riget
550 423 638 468 homida
649 423 722 469 barba.

126 483 174 531 Hic
183 487 285 548 primum
295 488 384 549 paribus
395 487 469 533 nitens
480 485 598 547 Cyllenius
608 486 649 535 alls

127 547 251 598 Constitit:
273 552 325 598 hinc
336 559 385 598 toto
395 567 495 613 praeceps
506 567 531 598 se
541 567 635 613 corpore
645 552 673 599 ed
684 551 755 600 undas

23 644 26 691 ᾗ
126 613 208 675 Misit3
226 617 263 663 avi
274 617 359 672 similis,
370 632 421 677 quae
432 618 516 664 circum
526 616 598 671 litora,
610 618 694 663 circum

127 677 236 728 Piscosos
246 681 358 743 scopulos,
369 682 460 729 humilis
470 682 532 728 volat
542 683 713 743 sequorajuxta·

46 796 54 809 ·
129 741 213 855 {Haud
224 745 289 792 aliter
299 754 369 794 terras
379 747 440 793 inter
450 746 578 806 coelumque
588 746 690 804 volabnt3

151 810 196 857 itus
208 825 328 858 arenosum
339 811 420 872 Libyae
433 819 558 871 ventosque
570 811 666 865 secabat,

6 898 26 945 3
128 873 237 922 Materno
248 877 341 924 veniens
351 878 439 931 abavo,
452 874 557 936 Cyllenia
566 874 658 939 proles]

130 937 163 986 Ut
172 941 273 1002 primum
283 942 348 988 alatis
358 941 435 1003 tetigit
444 941 540 1004 magalia
549 941 638 1004 plantis,

129 1004 221 1052 AEnean
231 1005 363 1054 fundantem
375 1021 438 1052 arces
448 1021 475 1052 ac
486 1014 545 1053 tecta
554 1012 676 1055 novantem
745 1007 797 1054 260

131 1067 263 1132 Conspicit;
279 1079 347 1131 etque
357 1071 389 1117 illi
402 1071 503 1118 stellatus
513 1071 596 1132 iaspide
606 1069 669 1119 sulvd

128 1132 199 1182 Ensis
210 1142 266 1191 erat,
278 1135 394 1197 Tyrioque
404 1136 495 1182 ardebat
505 1136 590 1181 murice
600 1135 666 1191 laena,

127 1197 238 1247 Demissa
247 1215 278 1247 ex
288 1202 401 1256 humeris3
418 1200 481 1246 dives
491 1215 543 1259 quae
554 1215 647 1248 munera
658 1200 721 1249 Dido

128 1262 232 1320 Fecerat,
244 1273 268 1313 et
278 1267 340 1313 tenui
352 1265 408 1313 telas
419 1263 554 1312 discreverat
564 1280 625 1312 auro.

129 1327 249 1378 Continuo
258 1331 356 1378 invadit:
376 1330 413 1377 Tu
424 1345 485 1378 nunc
496 1328 641 1393 Carthaginis
651 1331 705 1378 altae

127 1392 287 1443 Fundamenta
296 1396 364 1451 locas,
375 1396 534 1458 pulchramque
545 1398 637 1444 uxorius
648 1397 726 1444 urbem

5 1499 14 1512 .
77 1467 80 1472 ’
127 1457 254 1509 Exstruis?
270 1462 314 1509 heu
325 1464 390 1525 regui
401 1477 519 1525 rerumque
529 1464 597 1510 oblite
607 1461 710 1511 tuarum!

127 1523 183 1587 Ipse
193 1526 272 1574 Dcdm
282 1528 322 1575 nbi
332 1543 370 1574 me
379 1528 440 1575 claro
451 1528 548 1575 demittit
558 1527 658 1591 Olympo

128 1590 255 1654 Regnator,
267 1592 349 1640 celum
360 1600 384 1640 et
395 1600 465 1641 terras
475 1595 513 1655 qui
524 1595 616 1641 numine
627 1598 729 1653 torquet;

21 1621 25 1676 ’ὲ
127 1654 183 1718 Ipse
191 1658 241 1704 haeo
248 1657 307 1705 lerre
312 1659 378 1722 jubet
389 1660 474 1706 celeres
484 1660 588 1706 mandata
598 1675 638 1720 per
648 1673 726 1705 auras:
746 1657 797 1704 270

130 1721 194 1776 Quid
205 1722 292 1769 struis?
308 1730 347 1770 eut
356 1721 401 1785 qud
411 1740 451 1786 spe
461 1723 556 1785 Libycis
566 1725 620 1771 teris
632 1724 678 1771 otia
688 1720 770 1769 terris?

130 1786 157 1834 si
168 1793 191 1833 te
201 1788 263 1834 nulla
271 1798 350 1836 movet
361 1797 473 1836 tantarum
483 1789 556 1852 gloria
567 1803 649 1842 rerum,

129 1849 183 1899 Neo
194 1868 261 1914 super
271 1854 320 1915 ipse
330 1851 369 1900 tud
379 1855 465 1901 moliris
475 1854 540 1900 laude
550 1854 655 1907 laborem,

1 1897 22 1980 *J
113 1925 116 1930 ’
130 1916 256 1965 Ascanium
268 1926 404 1981 surgentem,
417 1929 440 1966 et
451 1934 502 1980 spes
512 1918 608 1965 haeredis
619 1914 673 1973 Iuli,

129 1980 236 2044 Respice,
247 1984 283 2030 cni
295 1999 391 2045 regnum
403 1983 477 2032 Italiae
487 1983 637 2043 Romanaque
647 1981 714 2028 tellus

129 2045 258 2095 Debentur.
288 2047 339 2095 Tali
352 2047 471 2110 Cyllenius
481 2064 521 2095 ore
531 2049 620 2095 locutus

129 2109 244 2160 Mortales
254 2114 316 2161 visus
327 2115 401 2162 medlo
413 2128 516 2161 sermone
528 2114 623 2174 reliquit,

128 2174 164 2224 Et
171 2178 250 2239 procul
260 2179 284 2224 in
296 2187 387 2226 tenuem
398 2192 428 2225 ex
439 2177 510 2225 oculis
521 2180 613 2225 evanuit
622 2193 708 2225 auram.
802 2238 804 2242 ἢ

162 2244 262 2290 atvero
272 2243 359 2290 AEneas
370 2244 477 2304 adspectu
488 2244 599 2291 obmutuit
610 2259 694 2299 amens,
747 2243 797 2289 279

129 2305 279 2369 Arrecteque
290 2309 381 2355 horrore
392 2323 473 2365 comae,
484 2317 508 2356 et
518 2324 564 2355 vox
574 2309 674 2357 faucibus
684 2308 758 2355 haesit

128 2372 202 2419 Ardet
212 2374 272 2419 abire
281 2370 343 2435 lugd,
356 2373 477 2434 dulcesque
488 2374 613 2435 relinquere
623 2382 700 2427 terras,

129 2437 248 2485 Attonitus
258 2445 323 2485 tanto
334 2438 422 2485 monitu
433 2439 571 2500 imperioque
581 2438 693 2484 Deorum.

130 2499 197 2551 Heu!
210 2503 264 2564 quid
275 2502 345 2564 agat?
360 2519 405 2564 quo
414 2518 474 2549 nunc
485 2505 588 2564 reginam
596 2502 679 2548 ambire
685 2499 798 2546 furentem

131 2566 220 2616 Audeat
228 2567 317 2615 affatu?
333 2583 385 2628 quoe
395 2569 468 2629 prima
478 2568 570 2613 exordia
581 2563 673 2611 sumat?

130 2626 218 2695 [Atque
229 2633 330 2684 animum
338 2648 399 2682 nunc
407 2633 451 2679 huc
463 2632 565 2694 celerem,
578 2643 638 2675 nuno
649 2626 729 2674 dividit
736 2625 797 2680 illuc,
