1709 2925
242 105 408 161 AENEIDOS
424 106 478 159 Lm
488 107 523 161 ΙΙ.
668 117 712 164 121

45 236 209 298 Ardentesque
219 237 299 285 οωὶοσ
309 236 395 286 suffecti
407 238 518 299 sanguine
528 244 552 285 et
562 237 618 302 igni,
666 245 716 288 210

44 302 113 350 Sibila
122 302 255 350 lambebant
264 302 348 365 linguis
359 303 496 350 vibrantibus
507 319 553 351 orn.

42 365 188 430 Diffugimus
198 368 250 414 sisu
261 382 395 429 exsangues.
426 365 463 414 Illi
475 369 566 431 agmine
577 376 641 418 certo

43 430 180 479 Isoeoouta
190 438 280 494 petunt.
311 431 345 479 Et
355 432 452 493 primum
462 448 530 494 parva
540 433 636 483 duorum

44 493 148 559 Corpore
159 506 266 544 natorum
278 511 369 559 serpens
379 497 496 558 ampiexus
506 506 600 560 uterque

41 558 153 623 implicet,
165 570 192 608 et
202 562 297 609 miseros
306 576 382 609 morsu
394 561 520 623 deposcitur
530 571 608 622 nrtus3
640 615 644 625 Ι

42 623 97 673 Post
106 627 194 688 ipssun,
204 626 288 675 auxilio
299 626 430 674 subeuntem
441 642 468 673 ae
479 627 523 675 tels
532 627 650 687 ferentem,

42 687 182 754 corripiunt,
194 691 304 753 spirisque
315 691 386 753 ligent
396 692 541 753 ingentibus;
558 700 581 739 et
586 694 636 756 J'am

41 753 81 803 Bis
91 756 194 809 medium
205 754 309 817 implexi,
319 756 354 803 bis
364 755 422 803 collo
433 771 539 817 squamos
549 757 634 806 circum

41 818 117 884 Terga
128 821 184 876 dati,
195 827 302 882 superant
312 821 384 882 capite
394 829 418 868 et
428 821 552 868 cervicibus
562 822 620 872 ultis.

42 883 83 933 Ille
93 886 163 933 simul
174 885 279 937 manibus
289 885 362 932 tendit
371 885 478 933 divellere
489 887 568 943 nodos,
659 891 708 949 220

43 949 151 1005 Perfusus
162 950 226 997 sanie
236 950 304 997 vittas
314 957 407 1010 atroque
417 966 518 1008 veneno;

41 1013 160 1067 Clamores
171 1014 240 1062 simul
249 1015 372 1061 horrendos
382 1014 410 1062 sd
420 1015 495 1064 sidere
503 1016 577 1075 tollit;

44 1079 127 1135 Quales
137 1080 248 1142 mugitus,
258 1078 318 1142 fugit
328 1094 380 1127 oum
391 1081 481 1127 saucius
491 1096 553 1130 aram

41 1143 137 1202 Tenrus,
148 1151 173 1192 et
183 1147 292 1192 incertam
303 1145 402 1193 excussit
412 1145 500 1192 cervice
510 1148 613 1195 securim.

41 1210 72 1258 At
81 1210 169 1273 gemini
180 1208 244 1271 lapsu
254 1209 345 1256 delubra
354 1209 383 1256 ad
394 1224 483 1257 summe
492 1210 601 1259 dracones

42 1273 170 1338 diffugiunt,
182 1289 296 1334 saevaeque
305 1281 386 1336 petunt
397 1272 521 1322 Tritonidis
532 1291 606 1323 arcem
612 1293 622 1333 ς

42 1340 85 1388 Sub
95 1340 233 1404 pedibusque
242 1337 302 1386 Deae
312 1339 431 1401 clypeique
441 1341 482 1386 sub
493 1341 545 1388 orbe
556 1347 670 1403 teguntur.

41 1403 99 1452 Tum
110 1419 165 1453 vero
176 1402 306 1452 tremefacta
316 1418 390 1452 novus
399 1419 440 1467 per
450 1414 541 1468 pectora
551 1407 637 1454 eunctis

42 1468 144 1519 iminunt
153 1484 225 1533 pavor
231 1486 240 1527 ;
255 1477 280 1517 et
290 1469 363 1516 scelus
374 1471 508 1532 expendisse
518 1479 642 1520 merentem

42 1534 172 1585 Laocoonta
181 1533 262 1589 ierunt,
274 1548 362 1582 sacrum
374 1535 412 1596 qui
422 1536 516 1597 cuspide
527 1538 594 1586 robur
653 1540 702 1583 280

41 1599 143 1658 leneus,
154 1607 178 1646 et
189 1606 254 1661 tergo
265 1599 395 1646 sceleratam
406 1599 521 1648 intorserit
531 1602 626 1649 bustum

41 1663 174 1715 Ducendum
186 1664 214 1714 ad
224 1664 289 1711 sedes
299 1663 449 1722 simulmrum,
460 1666 587 1729 orandoque
598 1665 669 1713 Divae

41 1730 140 1779 Numina
149 1730 299 1778 conclamant.
313 1779 316 1794 A
586 1755 588 1760 .

40 1794 168 1844 Dividimus
178 1809 262 1850 muros,
272 1801 296 1842 et
307 1796 391 1842 moenia
399 1795 517 1858 pandimus
528 1795 595 1842 urbis.

41 1862 169 1923 Accingunt
179 1874 258 1906 omnes
269 1860 338 1921 operi,
348 1860 486 1921 pedibusque
495 1866 596 1906 rotnnrm

41 1924 163 1989 Subjioiunt
172 1923 255 1986 lapsus,
266 1931 290 1971 et
300 1932 395 1986 stuppea
405 1923 566 1979 vinculeoollo

40 1989 168 2046 intendunt.
200 1988 293 2036 Scandit
302 1988 377 2037 fatalis
387 1989 491 2037 machina
501 2003 585 2043 muros,

40 2055 93 2105 Feta
103 2054 178 2106 armis.
209 2052 279 2100 Pueri
288 2054 373 2102 circum
383 2054 528 2116 innuptaeque
537 2052 619 2116 puellae

40 2122 105 2170 snm
116 2125 205 2173 oauunt,
216 2116 337 2180 funemque
348 2134 416 2166 manu
426 2119 560 2182 contingere
568 2118 674 2181 gaudent.

40 2183 80 2240 uu
88 2184 151 2240 subit
162 2182 288 2244 medieque
296 2184 384 2234 minans
394 2184 492 2231 illabitur
502 2185 557 2232 urbi.
649 2187 700 2232 Μ

39 2248 149 2313 Opatria!
163 2264 177 2295 o
189 2246 277 2296 Divssrn
289 2249 369 2296 domus
380 2246 456 2305 Ilium,
468 2257 491 2296 et
501 2250 586 2311 inclyta
595 2249 653 2296 bello

39 2313 126 2364 Moenia
135 2312 305 2362 Dardanidum!
323 2320 401 2374 quater
411 2315 461 2376 ipso
471 2315 496 2361 in
506 2314 583 2362 limine
592 2320 665 2376 portae

40 2378 144 2433 Subdtit,
154 2385 222 2440 atque
232 2385 296 2426 utero
307 2379 404 2426 sonitum
416 2387 495 2440 quater
505 2395 566 2427 orma
577 2376 665 2426 dedere.

40 2443 148 2493 Instemus
158 2451 233 2490 tamen
244 2444 387 2491 immemores
397 2444 497 2505 oaecique
506 2443 589 2500 surore,

41 2509 72 2557 Et
80 2515 203 2558 monstrum
210 2506 291 2555 infelix
302 2506 388 2555 morati
399 2508 499 2555 sistimus
510 2523 568 2556 arce.

40 2574 102 2622 Tunc
111 2574 177 2621 etiam
188 2572 241 2620 sutis
251 2574 323 2636 aperit
334 2570 462 2622 Cassandra
471 2572 553 2620 futuris

41 2639 90 2697 Ort.
100 2638 146 2702 Dei
153 2639 220 2703 jussu
230 2652 277 2687 non
287 2652 385 2700 unquam
397 2638 481 2687 eredita
491 2633 599 2691 Teucris„

483 2712 505 2746 u
