1709 2925
115 109 150 156 96
312 99 483 155 AENEIDOS
500 97 552 148 Lus
565 95 586 147 l.

119 236 164 284 Sed
177 233 246 282 Putet
256 233 398 295 omnipotens
409 231 521 293 speluncis
532 229 616 277 abdidit
626 231 689 287 atris,
764 239 799 283 60

120 300 174 348 Hoc
185 307 299 355 metuens;
316 299 445 358 molemque
455 304 479 342 et
490 303 579 342 montes
590 296 682 358 insuper
693 297 755 346 sltos

119 364 247 429 Imposuit;
264 377 387 424 regemque
398 362 466 417 dedit,
476 361 515 421 qui
526 360 612 407 foedere
622 373 687 408 certo

120 430 154 478 Et
164 443 271 493 premere,
282 435 306 474 et
315 427 379 474 lsxas
389 426 458 474 sciret
467 426 602 489 darejussus
612 426 721 475 habenas.

121 496 160 543 Ad
168 509 234 555 quem
245 500 295 540 tum
306 491 368 541 Juno
379 491 474 554 supplex
484 492 519 537 his
530 492 622 537 vocibus
633 507 675 539 usa
686 500 737 540 est:

152 560 229 613 AEole,
240 573 337 619 namque
350 557 390 606 tibi
401 556 491 604 Divssrn
502 555 571 603 Pater
585 564 656 616 stque
672 558 795 609 homiuum

220 623 275 671 Res

120 689 155 740 Et
165 690 265 737 mulcere
275 688 336 736 dedit
346 686 429 734 fluctus
439 694 463 733 et
473 686 553 734 tollere
562 693 638 741 rento,

123 757 189 804 Gens
199 755 290 802 inimica
299 754 355 800 mibi
365 752 509 813 Tyrrhenum
521 753 614 813 navigat
625 767 711 813 sequor,

122 820 191 869 Ilium
202 822 226 867 in
239 818 328 867 Itslism
339 829 439 881 portans,
449 818 567 878 victosque
579 816 690 864 Penates:

121 885 204 934 Incute
215 887 261 933 vim
271 885 353 939 ventis,
365 884 535 943 submersasque
545 883 614 929 obrue
625 898 713 945 puppes
717 898 727 941 ς

122 953 173 1000 Aut
183 967 227 1013 age
237 951 352 1005 diversos3
370 956 394 995 et
401 948 479 1010 disjice
489 963 583 1009 corpora
592 955 670 1009 ponto.
763 953 797 1000 70

123 1018 184 1065 Sunt
194 1016 248 1062 mihi
259 1015 293 1061 bis
304 1022 390 1076 septem
401 1013 517 1075 praestanti
528 1028 621 1075 corpore
633 1012 757 1077 Nymphae,

124 1083 229 1137 Quarum
240 1095 291 1139 quae
300 1077 374 1126 formis
383 1078 540 1140 pulcherrirna,
553 1076 681 1138 Deiopeam

125 1146 246 1196 connubio
253 1146 349 1207 jungam
362 1143 435 1191 stabili
444 1144 601 1205 propriamque
611 1144 707 1202 dicub03

126 1211 213 1259 Omnes
225 1218 250 1257 ut
260 1218 335 1257 tecum
346 1209 432 1256 meritis
443 1223 484 1270 pro
495 1207 575 1255 talibus
585 1222 658 1254 annos

125 1276 219 1339 Exiget,
231 1284 254 1325 et
264 1273 357 1337 pulchri
367 1273 435 1320 saciat
445 1282 468 1320 te
478 1272 542 1335 prole
551 1280 675 1335 parentem.

157 1342 241 1389 AEolus
252 1342 301 1387 haec
312 1348 403 1387 contra:
422 1337 495 1393 Tuus,
506 1354 520 1384 o
531 1339 616 1400 regina,
628 1339 683 1399 quid
693 1348 764 1402 optes,

126 1406 253 1470 Explorate
263 1406 341 1462 labor;
357 1405 413 1451 mibi
418 1404 483 1468 jussa
494 1418 610 1467 capessere
620 1402 654 1450 les
665 1412 708 1452 est.

126 1472 165 1521 Tu
176 1472 237 1527 milri,
248 1471 406 1532 quodcumque
415 1472 459 1517 hoc
470 1472 542 1533 regni,
559 1477 584 1516 tu
601 1478 691 1532 sceptra
700 1470 797 1520 Iovem·

223 1551 267 1597 que
736 1549 741 1553 ·

127 1597 243 1653 Concilius
249 1619 257 1660 ;
274 1607 300 1648 tu
311 1601 351 1647 das
361 1600 433 1664 epulis
443 1599 574 1648 accumbere
584 1598 681 1656 Divum,

128 1669 308 1729 Nimborunsque
318 1665 373 1713 facis
384 1673 588 1729 tempestatumque
597 1673 722 1728 potentem.
764 1671 798 1714 80

162 1734 223 1782 Haec
235 1734 271 1780 ubi
283 1733 348 1787 diets,
360 1747 441 1779 cavum
452 1729 562 1778 conversi
571 1731 663 1792 cuspide
674 1738 776 1780 montem

128 1798 224 1863 Impulit
234 1800 257 1846 in
268 1798 338 1854 latus3
358 1812 384 1844 se
394 1797 464 1852 venti,
475 1795 539 1843 velut
545 1796 636 1857 agmine
643 1795 712 1852 sacto,

129 1865 183 1921 Qud
194 1866 245 1913 data
255 1871 327 1928 porta,
339 1870 413 1918 ruunt,
425 1869 450 1908 et
459 1868 530 1907 terras
540 1861 628 1907 turbine
639 1861 743 1922 perflant.

129 1928 256 1978 Incubuere
266 1931 329 1983 mari,
340 1936 459 1989 totumque
470 1942 484 1973 a
494 1927 583 1973 sedibus
594 1927 645 1972 imis

131 1994 186 2043 Uni
196 1994 318 2055 Eurusque
328 1993 450 2054 Notusque
460 2000 529 2038 ruunt
539 1992 659 2052 creberque
669 1994 773 2054 procellis

130 2060 230 2113 Africus,
241 2066 265 2105 et
272 2066 349 2105 vastos
359 2059 455 2106 volvunt
466 2058 494 2103 ad
504 2057 571 2103 litora
581 2055 670 2102 fluctus.

129 2124 260 2185 Insequitur
270 2124 398 2183 clamorque
408 2124 483 2170 virilm
494 2122 619 2183 stridorque
629 2121 759 2174 rudentdrn.

127 2190 238 2251 Eripiunt
249 2189 322 2235 subito
332 2189 403 2235 nubes
413 2187 542 2248 coelumque
551 2187 657 2247 diemque

129 2255 271 2303 Teucrorum
282 2268 312 2299 ex
323 2253 407 2311 oculis;
423 2260 494 2314 ponto
506 2267 553 2298 nox
563 2252 653 2299 incubat
663 2258 721 2301 atra.

130 2315 255 2368 Intonuere
264 2317 317 2380 poli,
328 2324 352 2364 et
362 2318 446 2365 crebris
456 2318 525 2364 micat
534 2318 624 2379 ignibus
634 2318 721 2376 aether3
770 2324 801 2371 90

131 2384 317 2443 Praesentemque
326 2383 381 2429 viris
391 2383 506 2430 intentant
516 2384 593 2429 omnia
601 2390 707 2431 mortem.

131 2449 256 2511 Extemplo
263 2448 347 2495 AEneae
357 2447 476 2494 solvuntur
485 2447 571 2508 frigore
582 2447 689 2493 membre

133 2513 241 2576 ingemit,
253 2520 283 2567 et,
294 2511 394 2574 duplices
404 2512 500 2558 tendens
510 2512 539 2558 ad
549 2511 622 2558 sidera
631 2512 725 2573 palmas,

132 2578 199 2625 Talia
210 2593 266 2624 uoce
276 2576 360 2625 refert:
380 2576 402 2623 0
414 2585 493 2636 terque
503 2583 625 2637 quaterque
636 2578 702 2632 beati,

135 2642 209 2697 Queis
220 2649 272 2691 ante
282 2656 323 2693 ora
332 2648 421 2706 patrum
432 2639 512 2703 Trojae
521 2642 563 2690 sub
573 2641 686 2689 maenibus
697 2642 760 2704 altis!
