1709 2925
277 108 442 160 AEusmos
458 106 552 158 Ins-V.
700 118 747 164 189

58 241 180 304 Sanguis
189 240 262 295 hehet,
273 240 402 302 frigentque
413 239 487 288 effetae
497 241 521 286 in
532 255 626 301 corpore
636 241 703 290 vires.

60 307 92 353 Si
105 308 178 362 mihi,
189 321 241 367 qure
250 306 362 367 quondm
373 304 452 360 fueret,
463 302 551 367 quique
560 306 675 367 improbus
685 310 729 355 iste

62 369 190 419 Exsultat
199 370 277 425 fidens,
289 371 308 416 si
319 385 379 416 nunc
390 368 449 416 foret
459 370 617 433 illsjuventss,

63 434 152 485 Haud
162 436 266 496 equidem
276 435 349 496 pretio
359 433 465 481 inductus
474 435 610 497 pulchroque
615 437 717 499 juvenco

63 498 217 556 Venissemr
235 515 278 546 nec
289 500 348 546 donn
357 514 441 546 moror.
473 500 510 546 Sic
521 499 601 548 deinde
611 502 707 557 locutus,

64 562 100 611 In
109 566 215 612 medium
226 564 330 626 geminos
341 565 433 610 immani
443 565 542 625 pondere
552 573 634 612 caestus
696 570 743 614 401

65 627 192 692 Projecit5
208 630 288 691 quihus
298 644 349 675 scer
360 628 427 689 Eryx
438 630 462 674 in
473 629 552 689 proelis
562 638 639 677 suetus

66 692 149 741 Ferre
159 709 258 749 monum,
270 694 370 754 duroque
380 693 497 741 intendere
507 694 596 741 bischis
606 704 678 758 tergo.

68 757 221 821 Obstupuere
232 759 312 805 nnitni:
331 765 448 806 tentorum
458 759 560 820 ingentis
569 768 654 820 septem

67 821 155 886 Terga
164 824 233 875 burim
244 824 334 885 plumbo
344 824 421 871 insuto
431 822 535 883 ferroque
546 823 654 885 rigebant.

70 889 142 936 Ante
152 904 233 936 ornnes
244 896 318 950 stupet
328 889 376 950 ipse
384 886 467 942 Dsres,
478 888 590 950 longeque
600 896 704 947 recussu

71 952 287 1015 Magnaniruusque
298 953 447 1000 Anchisiades
457 960 481 999 et
490 954 581 1014 pondus
589 961 612 1000 et
622 955 670 1016 ipss

72 1016 134 1065 Huc
144 1019 199 1064 illuc
211 1018 334 1065 vinclorum
345 1019 456 1065 immensa
467 1019 581 1065 volumina
590 1028 672 1067 verset.

72 1081 138 1130 Tum
149 1084 226 1130 senior
237 1083 292 1129 tales
303 1081 411 1131 referebat
421 1092 512 1144 pectore
522 1100 604 1131 voces:

73 1148 149 1205 Quid,
160 1149 181 1195 si
191 1148 241 1209 quis
251 1157 333 1195 caestus
344 1148 413 1209 ipsius
423 1155 447 1194 et
458 1147 565 1197 Herculis
575 1166 637 1197 arma
696 1153 746 1198 410

73 1211 190 1269 Vidisset,
201 1213 333 1272 tristemque
344 1213 387 1260 hoc
398 1213 447 1274 ipso
459 1214 482 1260 in
492 1213 558 1261 litore
568 1214 685 1276 pugnum?

73 1276 138 1324 Haec
149 1292 272 1339 germpnus
283 1277 350 1337 Eryx
360 1278 473 1338 quondam
484 1285 537 1324 tuus
547 1294 609 1326 arms
618 1282 719 1341 gerebat.

75 1342 195 1405 Sanguine
206 1343 279 1390 cernis
289 1343 361 1390 sdhuc
371 1341 488 1403 fractoque
498 1341 582 1390 infecta
592 1345 690 1391 cerebro.

75 1405 123 1455 His
134 1423 243 1471 magnum
252 1407 348 1455 Alciden
358 1414 439 1454 contro
448 1409 524 1466 stetit3
542 1409 577 1455 his
587 1425 632 1473 ego
643 1420 727 1466 suetus,

29 1531 35 1542 ,
73 1471 141 1522 Dum
152 1474 234 1520 melior
245 1474 304 1520 vires
313 1475 407 1536 sanguis
418 1474 491 1529 dabat,
500 1475 581 1522 aemuls
591 1476 687 1523 necdum

74 1536 227 1601 Temporibus
236 1540 334 1600 geminis
344 1540 438 1588 csnebst
448 1555 524 1601 persa
537 1549 649 1588 senectus.

75 1602 128 1658 Sed,
139 1605 160 1650 si
172 1611 249 1651 nostru
260 1602 336 1650 Dares
346 1605 395 1651 haee
406 1602 491 1652 Troius
500 1620 564 1652 orma
574 1614 668 1660 recuset,

74 1665 147 1730 quue
158 1669 197 1730 pio
207 1668 271 1715 sedet
280 1668 369 1725 AEneae,
381 1670 461 1730 probat
471 1678 549 1717 auctor
557 1669 670 1726 Acesten

74 1732 205 1794 AEquemus
216 1748 311 1795 pugnos.
343 1732 426 1794 Erycis
437 1735 476 1780 tibi
487 1743 552 1796 terga
563 1734 670 1791 remitt03

75 1798 146 1845 Solve
156 1806 232 1844 metus
238 1814 246 1854 ς
263 1805 288 1843 et
297 1806 322 1843 tu
333 1795 446 1860 Trojanos
456 1813 515 1856 exue
525 1805 616 1846 caestus.
694 1799 745 1844 420

75 1862 136 1911 Hoec
147 1861 215 1917 fetus,
227 1862 337 1924 duplicem
348 1877 378 1909 ex
388 1862 488 1910 humeris
499 1862 576 1922 rejecit
585 1862 700 1915 amictum,

74 1927 107 1975 Et
114 1941 213 1990 magnos
219 1928 368 1976 membrorum
376 1934 448 1982 snus,
453 1940 536 1987 magns
541 1941 592 1971 ossa
598 1925 745 1989 lacertosque,

73 1992 154 2047 Exuit,
166 1999 235 2052 atque
244 1992 326 2053 lugens
336 1990 411 2040 medii
419 1990 523 2037 consistit
534 1988 608 2037 areni.

74 2056 136 2104 Tum
148 2066 211 2103 sstus
223 2055 323 2104 Anchisri
333 2063 417 2103 caestus
426 2063 490 2117 poter
499 2056 581 2102 extulit
592 2069 677 2115 aequos,

18 2153 24 2166 .
75 2121 108 2171 Et
117 2122 209 2184 peribus
219 2121 304 2183 palmas
315 2122 432 2168 amborum
443 2121 546 2168 innexuit
556 2122 631 2167 armis.

76 2186 187 2236 Constitit
197 2186 221 2232 in
232 2187 315 2247 digitos
325 2186 440 2247 extemplo
450 2192 550 2232 arrectus
561 2195 661 2247 uterque,

75 2251 217 2312 Brachioque
227 2251 256 2298 sd
266 2266 357 2313 superss
368 2251 483 2298 interritus
491 2251 572 2297 extulit
582 2266 656 2298 aurns.

75 2312 198 2365 Abduxere
209 2323 269 2362 retro
279 2316 348 2378 longe
358 2318 432 2378 cupita
441 2316 510 2363 ardus
520 2316 548 2362 sb
557 2317 604 2362 ictu
612 2331 620 2370 ;

75 2380 453 2441 Immisceotquemsnusmsnibus,
461 2396 605 2442 pugnamque
613 2379 742 2437 lacessunt3

76 2444 118 2493 Ille
128 2446 211 2507 pedum
222 2446 302 2492 melior
312 2453 382 2499 motu,
390 2445 506 2507 fretusque
511 2442 621 2507 juvent&
693 2449 744 2491 430

77 2510 123 2558 Hic
134 2510 241 2557 membris
251 2519 275 2557 et
285 2510 345 2558 mole
355 2510 447 2565 volenst
465 2510 505 2557 sed
516 2508 694 2555 tarda-trementi

75 2576 159 2628 Gmus
168 2575 252 2633 labent,
262 2584 339 2625 tutos
349 2577 422 2637 quatit
433 2590 495 2637 aeger
506 2570 617 2620 anhelitus
627 2576 695 2620 ntur.
