1709 2925
251 141 417 197 minos
433 143 561 199 Luxu
689 152 744 199 tt!

63 281 147 332 Nocte
157 280 227 344 quies,
238 281 386 344 nequidquam
398 282 477 331 aridos
487 282 611 331 extendere
620 297 701 332 eostur

63 345 136 396 Velle
147 347 256 403 videmur,
267 355 291 395 et
301 348 325 395 iu
336 348 416 395 mediis
425 348 542 396 conatibus
552 348 610 411 aegri
691 352 742 398 910
761 376 765 382 -

65 412 226 470 succidimus3
242 427 291 460 noo
299 413 379 476 lingua
388 413 456 470 velet,
467 427 514 462 non
524 429 619 476 corpore
629 422 692 463 notae
737 424 739 428 “
772 422 776 427 “

64 478 190 527 Sufficiunt
199 478 268 535 vires,
276 494 320 527 nee
329 493 377 529 vox
387 485 426 527 aut
436 479 505 527 verbs
513 487 651 541 sequuntur:

65 544 108 592 Sic
119 543 207 599 Turno,
218 541 360 606 qudcumque
370 545 431 592 viem
441 544 526 592 virtue
534 545 621 607 petivit,

64 610 205 661 Successum
216 607 271 658 Deo
281 610 328 657 dirr
339 617 415 673 neget.
448 608 511 657 Tum
521 615 613 672 pectore
623 624 708 658 sensus
733 648 736 652 .

63 674 197 722 Vertuntur
207 676 271 723 rarii.
303 675 404 723 Rutulos
415 675 537 738 adspectat,
548 682 572 721 et
582 676 667 731 urbem,
731 675 735 683 “

64 738 242 801 cunctaturque
250 747 321 797 metri,
328 738 444 802 telumque
453 741 539 788 instare
549 741 675 800 tremiscit;

65 803 129 861 Nec,
140 820 185 866 quo
196 820 221 852 se
232 805 317 868 eripiat,
329 821 380 864 nec,
392 804 436 867 qud
446 806 470 852 vi
481 805 558 852 tendat
568 805 592 851 in
602 806 698 861 hostem,

64 869 122 919 Nec
133 884 211 917 currus
222 885 317 931 usquam
327 871 398 925 videt‘
408 870 539 932 aurigamve
550 885 658 919 sororem.

103 931 226 983 Cunctanti
236 935 307 982 telum
318 935 407 982 AEneas
417 933 485 982 fatale
496 943 607 992 coruscat,

64 999 168 1048 Sortitus
177 998 292 1048 fortunam
301 1001 389 1058 oculi83
405 1008 430 1048 et
440 1016 534 1062 corpore
544 1007 593 1048 toto
691 1003 740 1050 920

63 1063 167 1114 Eminus
177 1065 297 1128 intorquet.
330 1065 417 1114 Murali
428 1067 517 1114 concita
527 1080 643 1126 nunquam

64 1128 195 1178 Tormento
207 1131 239 1178 sic
250 1145 305 1178 saxa
314 1130 422 1189 fremunt,
435 1147 477 1178 nec
487 1130 582 1177 fulmine
593 1130 650 1178 tnnti

64 1193 200 1244 Dissultsut
211 1197 315 1259 crepitus.
348 1194 420 1244 Volat
429 1196 473 1243 atri
483 1196 577 1243 turbinis
587 1196 660 1243 instar

63 1260 173 1311 Exitium
184 1261 257 1308 dirum
268 1261 332 1309 hasta
341 1259 424 1318 ferens,
436 1276 532 1322 orasque
542 1260 638 1308 recludit

64 1324 168 1381 Iaorieae,
180 1332 204 1373 et
214 1325 286 1388 clypei
298 1332 412 1374 extremos
423 1326 575 1390 septemplicis
586 1327 666 1383 orbes;

63 1390 115 1438 Per
125 1390 225 1438 medium
235 1392 332 1439 stridens
342 1392 423 1440 transit
431 1391 512 1439 femur.
546 1389 630 1440 Incidit
640 1393 704 1439 ictus

64 1453 157 1519 Ingens
168 1455 196 1505 ad
206 1464 288 1505 terram
295 1457 410 1570 duplicato
420 1457 505 1521 poplite
514 1455 615 1506 Turnus.

42 1581 45 1588 Ι
65 1520 220 1585 Consurgunt
229 1522 317 1585 gemitu
353 1523 417 1579 ntuli,
427 1529 534 1586 totusque
544 1524 643 1587 remugit

65 1586 143 1636 Mons
154 1587 248 1647 circum,
259 1594 370 1635 etvocern
381 1588 427 1636 late
438 1603 532 1637 nemore
542 1589 588 1637 altu
598 1588 727 1636 remittunt.

64 1650 114 1700 Ille
130 1653 222 1701 humilis
239 1652 378 1717 supplexque
396 1654 475 1703 oculos
487 1653 634 1716 dextramque
644 1668 742 1717 precan-

64 1781 219 1839 Protendens,
230 1777 344 1845 Equidem
354 1785 434 1840 merui,
445 1800 488 1832 nec
499 1785 613 1848 deprecor,
624 1783 714 1847 inquit:

64 1847 144 1896 Utere
153 1856 215 1895 sorte
224 1846 271 1897 tud.
305 1848 387 1897 Miseri
398 1857 422 1897 te
434 1850 452 1896 si
464 1865 507 1911 qua
517 1850 616 1912 parentis

63 1911 175 1976 Tangere
188 1929 242 1963 cure
251 1920 340 1977 potest;
358 1930 398 1962 oro
410 1913 466 1979 (fuit
473 1917 500 1962 *et
509 1914 549 1961 tibi
559 1915 611 1962 talis

62 1977 183 2038 Anchises
193 1977 303 2042 genitor),
314 1978 393 2028 Dauni
403 1981 511 2028 miserere
521 1987 634 2038 senectae3

63 2043 103 2092 Et
113 2058 157 2100 me,
169 2060 209 2091 seu
221 2060 303 2107 corpus
314 2046 435 2108 spoliatum
445 2046 530 2093 lumine
538 2047 617 2101 mavis,

62 2108 149 2156 Redde
160 2110 224 2157 meis.
258 2109 359 2168 Vicisti5
376 2118 400 2158 et
409 2112 497 2158 victum
508 2110 600 2158 tendere
610 2110 696 2175 palmru

63 2173 167 2221 Ausonii
177 2172 255 2222 videre
261 2192 270 2233 ς
285 2180 325 2222 tua
335 2182 371 2223 est
381 2174 479 2224 Lavinia
486 2178 584 2239 conjux:

64 2238 172 2287 Ulterius
183 2254 213 2286 ne
223 2240 292 2287 tende
302 2240 366 2288 odiis.
398 2241 468 2289 Stetit
477 2257 530 2289 acer
539 2243 563 2288 in
574 2241 642 2289 annis

62 2303 162 2360 AEneas,
173 2304 269 2353 volvens
279 2306 367 2364 oculos,
378 2306 525 2369 dextramque
535 2308 656 2370 repressit3

63 2368 156 2432 Etjam
163 2369 257 2432 jamque
263 2372 337 2433 magis
348 2379 491 2419 cunctantem
501 2371 594 2419 flectere
604 2385 679 2419 sermo
690 2372 740 2417 940

64 2432 192 2496 Coeperat;
208 2435 289 2482 infelix
299 2437 394 2484 humero
404 2452 458 2484 cum
468 2438 570 2499 apparuit
579 2436 627 2486 alto

64 2498 171 2555 Balteus,
182 2507 206 2546 et
216 2502 277 2548 notis
286 2499 399 2549 fulserunt
409 2502 501 2565 cingulo
510 2501 577 2547 bullis

63 2563 178 2612 Pallantis
188 2566 252 2627 pueri
258 2583 266 2625 ;
284 2566 370 2614 vietum
381 2582 449 2627 quem
460 2566 554 2613 vulnere
564 2563 658 2612 Turnus

63 2628 191 2687 straverat,
202 2637 270 2694 atque
280 2631 379 2680 humeris
389 2631 506 2680 inimicum
517 2631 607 2694 insigne
617 2628 717 2692 gerebat.
