1709 2925
168 153 201 200 64
345 145 534 201 GEORGICA.
550 145 603 196 Lu.
615 146 665 196 tlt

168 278 247 341 Atque
257 278 323 327 allam
334 293 363 326 ex
373 277 416 328 alid
426 279 555 341 generando
566 279 644 326 suffice
652 278 750 341 prolem·

168 344 262 408 Optima
271 359 366 406 qureque
376 344 424 391 dies
434 344 522 391 miseris
531 344 661 392 mortalibus
672 344 716 391 reri

119 427 121 437 ⁴
168 409 247 457 Prima
257 407 328 471 fugit3
346 409 441 456 subeunt
452 409 530 463 morbi,
542 409 656 470 tristisque
666 417 785 468 senectur3

168 472 204 523 Et
213 473 275 521 labor
285 480 309 521 et
320 475 382 521 durae
392 475 451 536 rapit
461 474 603 522 inclementis
613 473 700 522 mortis.
765 523 769 530 ,

169 538 264 601 Semper
274 547 346 595 erunt,
357 553 451 600 quarum
462 539 541 585 mutari
552 553 645 602 corpora
655 538 737 585 maliet
804 540 833 585 69

170 603 265 666 θεωρεε
275 604 335 651 enim
346 603 428 659 retice;
446 619 478 659 ac,
490 619 519 651 ne
529 611 581 665 port
591 604 673 651 amissa
683 604 790 663 requiras,

172 668 295 723 Anteveni,
307 675 330 716 et
341 670 440 717 sobolem
451 675 553 716 armento
563 669 643 715 sortire
653 669 783 729 quotannis.

203 732 256 788 Nec
266 749 313 781 ucn
323 742 347 782 et
356 736 432 796 pecori
443 741 478 780 cst
487 732 545 780 idem
556 732 656 785 delectus
666 733 758 793 equino.

170 796 209 846 Tu
220 800 294 854 modo,
305 814 362 860 quos
372 798 396 845 in
407 813 470 861 spem
480 805 565 845 statues
575 798 705 844 submittere
715 796 798 859 gentis,

172 863 316 926 Praecipuum
323 866 371 928 jam
382 864 435 910 inde
445 878 459 909 a
469 864 552 909 teneris
562 862 665 924 impende
675 862 785 909 laborem.

172 928 288 979 Continuo
299 928 386 991 pecoris
395 929 500 991 generosi
509 928 583 990 pullus
593 928 617 973 in
627 926 687 974 urvis

172 995 250 1042 Altius
260 993 391 1055 ingreditur,
402 1001 425 1039 et
435 992 512 1039 mollia
522 1007 587 1039 crura
596 992 691 1054 reponit.

173 1058 266 1107 Primus
276 1066 300 1105 et
309 1059 343 1104 ire
352 1059 421 1115 viam,
433 1065 457 1104 et
467 1056 549 1104 fluuios
559 1065 646 1104 tentare
657 1058 759 1104 minaces

174 1123 257 1179 Audet,
269 1130 293 1169 et
302 1124 382 1185 ignoto
393 1138 443 1169 sese
453 1123 593 1169 committere
602 1122 680 1184 pouti;

172 1187 226 1236 Nec
236 1202 307 1235 vanos
317 1189 394 1235 horret
404 1187 516 1248 strepitus.
549 1185 587 1232 Illi
596 1187 665 1233 ardun
675 1185 761 1242 ceruix,
807 1187 836 1233 ts

172 1253 332 1316 Argutumque
342 1259 415 1315 caput
426 1252 500 1299 brevis
511 1252 581 1306 alvus,
592 1252 704 1311 obesaque
713 1258 795 1314 terga3

173 1317 329 1379 Luxuriatque
339 1318 395 1364 toris
404 1318 529 1364 animosum
540 1324 625 1378 pectus.
657 1315 761 1363 Honesti

174 1383 287 1446 spadices,
299 1383 418 1445 glaucique
424 1399 432 1440 ς
450 1381 512 1428 color
522 1382 654 1428 deterrimus
663 1380 726 1437 albis,

173 1443 208 1499 Et
218 1448 287 1512 gilio.
320 1445 388 1502 Tum,
399 1448 419 1494 si
429 1462 474 1509 qua
483 1462 564 1495 sonum
574 1446 652 1509 procul
662 1461 725 1494 arma
736 1443 823 1503 dedere.
838 1494 842 1505 ,

174 1515 241 1562 Stare
251 1513 302 1560 loco
313 1514 395 1570 nescit3
413 1513 482 1559 micat
492 1513 586 1567 auribus,
598 1519 621 1558 et
632 1512 708 1559 tremit
718 1520 798 1571 artum

174 1577 347 1639 collectumque
357 1593 461 1640 premens
470 1577 543 1624 volvit
554 1577 595 1624 sub
605 1577 694 1623 naribus
705 1577 792 1638 ignem.

173 1642 256 1692 Densa
261 1644 323 1703 juba,
339 1650 363 1689 et
373 1643 452 1689 dextro
458 1643 543 1704 jactata
553 1642 660 1689 recumbit
670 1641 693 1688 in
705 1656 778 1689 armo.

174 1708 209 1757 At
219 1709 302 1770 duplex
312 1708 387 1770 agitur
396 1722 437 1769 per
446 1708 533 1754 lumbos
543 1707 620 1769 spina3
637 1713 748 1767 cavatque

112 1788 119 1801 ⁴
174 1772 299 1830 Tellurem,
310 1782 334 1819 et
345 1773 416 1819 solido
426 1775 526 1834 graviter
536 1780 601 1819 sonat
611 1770 697 1833 ungule
707 1786 787 1818 cornu.

175 1838 240 1886 Talis
251 1838 363 1899 Amyclaei
373 1838 471 1884 domitus
482 1836 582 1884 Pollucis
591 1836 683 1883 habenis

177 1901 289 1966 Cyllarus,
301 1911 330 1958 et,
342 1918 437 1963 quorum
449 1902 513 1949 Graii
524 1898 647 1948 meminere
656 1900 741 1962 podtae,
811 1902 840 1947 90

176 1968 261 2015 Martis
271 1970 322 2029 equi
332 1969 426 2030 bijuges,
438 1974 462 2014 et
471 1967 548 2028 magni
558 1981 637 2013 currus
647 1965 756 2013 Achillei.

176 2032 240 2080 Talis
251 2040 274 2079 et
285 2033 332 2094 ipse
338 2033 416 2094 jubam
427 2033 514 2078 cervice
525 2029 603 2077 effudit
613 2028 695 2091 equini

179 2094 292 2159 conjugis
303 2098 401 2143 adventu
411 2097 491 2158 pernix
503 2096 620 2149 Saturnus,
631 2102 655 2142 et
664 2095 737 2142 altum

178 2161 259 2210 Pelion
270 2161 359 2208 hinnitu
370 2161 461 2222 fugiens
471 2160 573 2222 implerit
583 2167 657 2207 acuto.

209 2225 280 2272 Hunc
291 2241 386 2286 quoque,
398 2226 435 2272 ubi
446 2232 485 2272 aut
495 2226 573 2273 morbo
583 2225 666 2288 gravis,
678 2230 718 2271 aut
728 2225 779 2287 jam
791 2238 840 2286 reg·

275 2305 325 2337 mor
336 2306 400 2337 annis
759 2306 760 2309 ¹

177 2353 269 2410 Deficit,
281 2355 337 2402 abde
347 2356 428 2412 domo;
447 2370 488 2402 nec
499 2354 558 2417 turpi
569 2355 664 2416 ignosce
674 2359 781 2401 senectae.

176 2420 284 2483 Frigidus
293 2421 318 2467 in
329 2419 444 2467 Venerem
455 2420 535 2475 senior,
546 2419 673 2480 frustraque
683 2419 782 2465 laborem

178 2485 297 2549 Ingratum
308 2486 388 2543 trabit3
401 2491 431 2540 et,
444 2486 463 2531 si
474 2486 563 2546 quando
574 2484 601 2532 ad
612 2484 692 2546 proelia
699 2491 794 2531 ventum
804 2489 843 2537 eet,

182 2551 218 2598 Ut
227 2550 339 2610 quondam
350 2551 374 2595 in
386 2549 474 2610 stipulis
483 2564 579 2611 magnus
590 2548 639 2595 sine
649 2549 734 2596 viribus
745 2549 813 2610 ignis,

180 2613 297 2662 Incassum
308 2613 370 2661 furit.
397 2612 463 2676 Ergo
474 2615 561 2660 animos
571 2629 690 2674 aevumque
701 2613 790 2660 notabis
803 2616 847 2660 loo

180 2679 297 2742 Praecipue
305 2695 314 2738 3
329 2678 382 2726 binc
392 2678 447 2726 alias
456 2687 522 2736 artes,
533 2678 663 2743 prolemque
672 2677 801 2742 perentm,
