1709 2925
160 125 192 170 80
335 119 525 171 GEORGICA.
541 118 596 170 In.
605 120 654 172 lv,

160 251 317 312 Samumque
328 267 411 300 tonans
422 251 536 314 Hypanin,
548 253 679 315 Mquue
690 252 786 310 Caicus,
832 260 835 265 “

159 315 193 364 Et
203 317 295 378 gemina
303 326 394 365 aumtue
403 320 493 364 taurino
503 333 589 365 cornua
598 319 665 366 vultu
783 323 828 369 sil

159 380 286 438 Eridanum
303 398 348 443 quo
359 398 405 429 non
416 383 473 430 aliun
483 398 524 444 per
534 385 628 446 pinguia
637 384 700 432 culta

159 444 189 493 In
201 461 261 492 mare
271 462 408 509 purpureum
419 448 540 495 violentior
550 448 622 495 effluit
632 450 715 496 amnia

159 509 283 572 Portquam
295 520 330 559 est
341 513 363 559 in
375 513 467 560 thalami
478 513 598 575 pendentia
608 516 700 576 pumice
710 521 774 564 tenta

159 575 306 629 Perventum,
317 585 341 624 et
352 579 398 624 nati
409 578 476 624 fletus
486 579 595 640 cognovit
605 580 685 626 inanes

159 638 267 702 Cyrene;
283 643 385 690 manibus
395 643 491 703 liquidos
502 643 556 689 dant
567 644 646 691 ordine
655 644 735 692 sontes

159 706 288 761 Germane,
300 709 417 769 tonsisque
427 707 503 754 ferunt
512 709 615 756 mantilia
623 709 698 757 villiar

159 769 217 819 Para
228 772 299 834 epulis
310 781 405 819 onerant
415 788 513 829 menaea,
524 781 548 821 et
557 774 624 836 piena
635 782 752 837 reponunt

158 835 246 884 Pocula
254 855 262 896 3
280 836 400 884 Panchaia
407 839 542 885 'adolescunt
552 840 643 902 ignibus
652 855 715 896 arae3

157 900 192 950 Et
202 913 280 956 mater,
294 901 357 964 Cape
367 903 465 949 Maeonii
476 905 589 952 carehesia
599 904 685 952 Bacchi
694 923 703 962 ς
782 909 830 953 aab

157 968 251 1014 Oceano
262 968 363 1021 libernua
374 969 412 1015 ait.
439 969 513 1016 Simul
523 969 572 1030 ipsa
581 977 688 1030 precatur

158 1032 319 1092 Oceanumque
329 1041 415 1094 patrem
427 1048 510 1090 rerum,
522 1032 687 1096 Nymphaeque
699 1052 800 1089 sorores.

158 1095 258 1145 Centum
270 1112 321 1156 quae
332 1099 406 1154 rilvaa,
418 1105 510 1145 centum
521 1114 573 1158 quae
583 1098 678 1146 flumina
687 1112 801 1158 servant3

157 1161 205 1208 Ter
214 1161 298 1223 liquido
308 1164 423 1210 ardentem
435 1163 534 1225 perfudit
544 1171 634 1212 nectare
644 1164 759 1213 Vestam:

157 1224 205 1273 Ter
215 1226 306 1274 flamma
316 1228 344 1274 ad
355 1243 468 1275 summurn
480 1229 534 1274 teeti
545 1229 645 1291 auirjeeta
656 1230 740 1276 reluxit
744 1248 755 1287 ς

62 1307 67 1323 ¹
155 1290 242 1340 Omine
252 1308 297 1353 quo
307 1291 398 1340 firmam
408 1294 515 1347 animum,
527 1295 560 1341 aie
570 1294 650 1356 incipit
658 1295 724 1357 ipra:

190 1356 235 1404 Eat
245 1358 269 1403 in
282 1355 404 1419 Carpathio
415 1357 519 1419 Neptuni
529 1359 622 1421 gurgite
633 1368 697 1406 vates

158 1419 281 1472 Coeruleur
292 1421 396 1479 Proteus,
407 1438 517 1485 magmm
528 1423 566 1485 qui
577 1425 675 1486 pineibua
686 1439 770 1487 aequoe

157 1486 191 1536 Et
196 1489 279 1551 juncto
289 1488 393 1550 bipedum
405 1504 473 1536 curru
483 1490 576 1536 metitur
586 1505 704 1551 equomm.

124 1601 128 1608 ,
156 1552 207 1601 Hic
218 1568 279 1601 nuno
290 1552 405 1601 Ematbiae
415 1562 494 1616 portua
504 1555 643 1617 patriamque
654 1555 735 1603 revisit
782 1558 832 1604 890

156 1617 283 1677 Pallenau3
299 1619 359 1666 hunc
370 1627 393 1665 et
404 1617 522 1682 Nymphae
531 1635 672 1677 veneramur,
683 1627 708 1668 et
717 1622 769 1683 ipae

157 1684 302 1733 Gmndaevua
314 1682 404 1731 Nereae
414 1702 421 1743 ;
437 1687 502 1733 norit
512 1701 610 1747 namque
620 1685 697 1734 omnia
706 1694 782 1739 vater,

156 1748 218 1805 Quae
228 1749 280 1804 nint,
290 1764 343 1811 quae
352 1746 444 1806 fuerint,
455 1766 507 1812 que
517 1766 572 1798 mox
582 1759 677 1798 ventura
687 1752 817 1799 trahantur.

156 1814 248 1879 Quippe
259 1816 290 1864 ita
301 1814 411 1878 Neptuno
420 1817 496 1863 nrum
507 1824 559 1874 eet3
576 1816 683 1864 immania
693 1817 763 1879 cujus

155 1880 269 1929 Annenta
278 1889 303 1929 et
312 1888 389 1945 turpet
399 1882 471 1944 pascit
482 1882 523 1928 rub
532 1882 625 1944 gurgite
636 1882 729 1944 phonas.

155 1943 204 1991 Hie
215 1947 263 2001 tibi,
274 1954 333 2003 nate,
344 1948 407 2010 priua
418 1946 499 1993 vinclir
509 1946 638 2008 capiendus,
650 1953 676 1994 ut
686 1961 782 1993 amnena

154 2010 270 2071 Expediet
280 2013 352 2059 morbi
362 2027 460 2067 eausaun
472 2019 612 2073 eventusque
622 2012 740 2060 secundet.

154 2074 218 2121 Nam
229 2076 279 2122 aine
287 2078 311 2123 vi
321 2092 367 2123 non
378 2078 424 2124 ulla
435 2077 496 2124 dabit
505 2085 624 2140 praecepta,
635 2092 709 2138 neque
719 2076 786 2124 illum

154 2139 248 2187 Orando
259 2139 352 2198 beatem
369 2143 415 2189 vim
426 2143 505 2189 duram
516 2150 541 2191 et
551 2143 643 2190 vincula
652 2149 718 2205 capto
777 2145 831 2190 899

153 2202 252 2261 Tende;
269 2205 314 2253 doli
322 2207 408 2253 circum
419 2208 469 2254 baeo
480 2209 570 2254 demum
579 2206 714 2270 frangentur
725 2207 813 2255 mrum.

154 2267 169 2316 1
196 2277 306 2332 negate,
318 2272 405 2318 medios
417 2288 469 2319 cum
480 2274 515 2319 eol
525 2273 654 2321 accenderit
664 2279 743 2326 aetus,

155 2284 217 2384 gam
229 2334 307 2382 eitiunt
318 2336 400 2391 herbae,
412 2343 436 2383 et
446 2338 521 2399 pecori
528 2339 576 2400 jana
587 2337 674 2400 gratior
682 2337 811 2391 umbraent

153 2397 184 2447 In
196 2407 282 2447 recreta
292 2401 353 2447 aenis
364 2401 451 2456 ducam,
463 2417 508 2463 quo
517 2400 591 2449 ferrus
601 2403 629 2449 ab
640 2401 708 2448 undis

155 2461 187 2513 Se
198 2465 289 2527 reeipit;
304 2463 370 2511 facile
380 2472 406 2510 ut
417 2481 497 2513 somam
507 2466 639 2528 aggrediare
644 2466 770 2529 jacentem·

154 2527 249 2585 Verum,
261 2530 298 2576 ubi
309 2536 437 2591 correptum
448 2531 550 2578 manibus
561 2531 685 2591 vinclirque
696 2529 792 2585 tenebis,

153 2591 215 2644 Tum
227 2595 296 2642 variae
306 2594 398 2642 eludent
408 2596 495 2657 species
505 2602 571 2657 atque
581 2609 622 2644 ora
631 2594 744 2643 ferarum:
783 2637 787 2642 .

155 2655 209 2706 Fiet
218 2660 278 2710 enirn
289 2660 362 2709 soluto
373 2674 413 2707 rua
424 2660 534 2717 horridus,
546 2668 638 2728 atraque
648 2659 722 2725 tigria,
