1709 2925
230 104 417 157 BUCOLICA.
434 106 494 155 Eos..
505 104 525 154 1.
694 112 710 153 3

57 235 100 284 Hic
109 237 160 284 mihi
167 254 300 301 responsum
310 240 397 301 primus
406 237 468 284 dedrt
477 237 515 284 ille
524 243 622 300 petenti:

57 300 144 362 Pascite,
155 314 180 350 nt
190 312 250 361 ante,
261 306 338 360 bores,
350 304 429 367 pueri3
447 303 570 350 submittite
580 311 662 349 tauma.

310 434 447 468 mamus.

55 495 169 547 Fortunate
179 516 256 556 senex,
268 516 324 564 ergo
334 508 373 548 tua
384 515 436 548 rura
446 499 580 547 manebunt!

55 561 84 609 Et
93 565 129 611 nti
139 581 222 628 magna
232 567 302 623 satis3
319 566 421 627 quamvis
432 566 488 628 lapis
498 565 574 613 omnia
585 564 663 619 audin,

8 667 10 706 ,
52 625 184 692 limosoque
193 631 257 694 palus
268 632 364 678 obducat
373 646 457 693 pascua
463 633 542 694 juneo.

53 691 101 741 Nou
109 696 197 744 insueta
206 712 290 759 graves
299 698 417 744 tentabunt
426 697 507 759 pabula
516 694 589 752 ἠως
677 696 711 741 60

53 757 98 805 Nec
108 761 166 808 mala
175 762 244 808 vieini
255 763 342 824 pecon's
352 763 459 825 contagia
468 761 560 809 laedent

52 821 170 872 Fortunate
179 841 257 883 senex,
269 828 305 874 hic
315 828 374 874 inter
383 826 479 873 flumina
490 833 544 873 nota

50 886 80 934 Et
88 890 161 937 fontes
171 907 248 938 sacros
258 892 330 955 frigus
340 893 439 954 captabis
448 905 551 953 opaeum.

52 951 115 1009 Hinc,
127 957 165 1002 tibi
176 972 229 1016 quae
239 972 327 1019 semper
337 958 412 1004 vicino
423 958 451 1003 ab
460 956 532 1003 limita
542 970 607 1017 sepes

51 1016 151 1080 Hyblaeis
160 1022 238 1083 apibus
245 1020 324 1068 florem
335 1022 427 1084 depasto
437 1021 516 1075 salicti,

51 1083 110 1146 Saepe
119 1086 164 1132 leri
175 1102 281 1133 somnum
292 1088 393 1134 suadebit
402 1087 459 1150 inire
467 1100 565 1133 susurro.

50 1145 109 1196 Hinc
118 1149 165 1197 alta
174 1153 217 1198 sub
227 1167 283 1213 rupe
293 1159 359 1198 canet
368 1152 486 1199 frondator
495 1150 523 1196 ad
533 1164 612 1207 auras3

49 1211 95 1261 Nec
105 1224 181 1263 tamen
192 1218 279 1262 interea
289 1232 369 1270 raucae,
381 1222 420 1262 tus
431 1230 490 1268 cura
501 1215 622 1276 palumbes,

49 1275 96 1327 Nec
105 1296 198 1344 gemere
208 1279 270 1328 aeriis
280 1282 374 1329 cessabit
384 1288 459 1328 turtur
469 1281 497 1326 ab
507 1279 576 1327 ulmo.

320 1408 431 1446 nrmut.

48 1473 105 1524 Ante
114 1478 178 1525 leves
189 1492 246 1541 ergo
253 1486 374 1540 pascentur
384 1481 407 1525 in
420 1479 503 1526 aethere
513 1477 579 1534 cerri,
676 1482 710 1526 60

48 1538 79 1588 Et
88 1542 144 1590 freta
155 1544 279 1590 destituent
289 1544 362 1591 nudos
372 1545 396 1591 in
406 1544 473 1591 litore
481 1545 568 1607 pisces3

48 1606 110 1663 Ante,
121 1610 243 1670 pererratis
252 1609 369 1656 amborum
379 1608 467 1664 finibus,
477 1609 543 1657 exsul

48 1671 92 1719 Aut
102 1674 194 1720 Ararim
206 1673 306 1721 Parthus
315 1675 382 1730 bibet,
394 1682 433 1722 sut
444 1675 568 1722 Germania
577 1673 665 1739 Tigrim
672 1691 681 1732 3

49 1735 117 1792 Quom
128 1746 209 1787 nostro
218 1739 280 1786 illius
289 1739 377 1787 labatur
385 1747 478 1803 pectore
486 1740 570 1789 vultus.

125 1910 134 1919 ἱ
309 1868 446 1919 numus.

48 1929 78 1978 At
87 1948 128 1981 nos
140 1933 193 1982 hinc
205 1934 242 1981 alii
253 1934 354 1983 sitientes
363 1937 446 1984 ibimus
457 1934 541 1993 Ano„

49 1993 99 2045 Pars
110 1999 229 2059 Scythiam
240 2007 264 2046 et
275 2001 375 2062 rapidum
388 1999 466 2050 Cretae
476 2003 592 2050 veniemus
602 2000 697 2058 Oaxcm,

49 2059 77 2108 Et
85 2065 176 2126 penitus
186 2071 237 2112 toto
247 2065 332 2113 divisos
342 2067 395 2114 orbe
402 2065 533 2115 Britannos.

50 2123 87 2183 En,
99 2144 199 2190 unquam
210 2131 296 2192 patrios
305 2131 376 2194 longo
386 2140 438 2194 post
447 2139 550 2193 tempore
560 2131 622 2189 flues,

51 2188 152 2255 Pauperis
163 2200 187 2240 et
198 2196 276 2257 tuguri
287 2204 420 2259 congestum
432 2198 524 2258 c'aespite
534 2198 629 2253 culmen,

52 2251 99 2304 Post
109 2260 205 2319 aliquot,
213 2274 265 2307 mes
275 2276 347 2323 regna
355 2262 444 2320 videns,
454 2262 551 2309 mirabor
562 2261 657 2309 aristas?
680 2263 713 2308 70
800 2304 803 2309 .

51 2315 129 2384 Inpius
140 2325 191 2370 haeo
202 2331 249 2371 tam
261 2326 320 2373 culta
331 2326 421 2373 novalia
431 2328 496 2373 miles
505 2326 610 2373 habebit?

52 2381 157 2434 Barbarus
168 2390 210 2435 has
221 2390 329 2451 segetes?
346 2406 381 2446 en,
393 2406 439 2451 quo
450 2391 560 2436 discordia
570 2391 632 2435 cives

52 2445 156 2500 Produit
166 2454 274 2501 miseros!
293 2470 330 2510 en,
341 2457 404 2515 queis
415 2455 559 2501 consevimus
567 2451 648 2513 agros!

52 2509 124 2564 Insere
134 2532 203 2570 nunc.
215 2517 334 2573 Meriboee,
345 2521 412 2582 piros,
423 2533 484 2578 pone
494 2518 572 2563 ordine
583 2516 648 2558 vites.

52 2574 86 2636 lte
97 2597 165 2638 rneae,
176 2582 234 2629 felix
244 2584 359 2643 quondam
370 2598 446 2644 pecus,
458 2583 489 2627 ite
500 2579 600 2640 capeiise.

52 2640 97 2695 Non
111 2662 156 2711 ego
166 2663 211 2694 vos
221 2648 323 2710 posthac,
335 2647 400 2695 viridi
409 2647 524 2708 proJectus
534 2642 558 2686 in
569 2645 640 2689 enirn
