1709 2925
257 139 422 196 AENEIDOS
438 141 491 192 Lrs
503 141 538 191 ll.
682 147 731 194 las

60 272 178 337 Cingitur,
189 287 216 321 ac
227 271 309 320 densm
318 272 389 320 fertur
399 275 520 321 moriturus
530 273 554 320 iu
566 274 652 321 hostes.
681 275 731 323 511

96 341 194 387 AEdrbus
203 339 228 386 in
239 338 327 394 mediis,
339 339 443 400 nudoque
454 340 495 386 sub
506 339 596 387 retheris
606 353 656 396 axe,

60 403 151 468 Ingens
161 419 202 451 ara
211 402 255 450 fuit
265 421 272 461 ;
283 404 393 465 juxtaque
403 404 522 452 veterrima
533 405 609 451 laurus

61 468 202 517 Iucumbens
213 483 266 523 arse,
278 478 345 528 atque
355 467 433 514 umbrd
443 469 560 532 complexa
571 468 677 516 Penates.

61 532 115 581 ch
127 534 224 581 Hecuba
235 541 259 579 et
269 539 330 579 natae
340 533 488 594 nequidqffim
500 534 578 580 altaria
587 536 681 591 circum,

40 628 45 635 ι
61 598 198 660 Pracipites
208 596 256 644 atrii
268 612 309 643 ceu
321 603 453 659 tempestate
464 598 581 656 columbae,

63 661 203 719 Condensae,
214 668 238 709 et
249 660 336 708 Divum
348 663 458 723 amplexae
469 663 587 710 simulacra
596 664 709 713 sedebunt.

63 726 145 790 Ipsum
157 735 233 775 autem
245 726 325 773 sumtis
336 725 452 774 Priamum
459 727 597 790 juvenilibus
608 729 676 775 armis

63 791 102 839 Ut
111 794 184 849 vidit3
202 792 263 846 Quae
274 806 339 838 mens
349 798 395 838 tum
407 792 461 847 dira,
473 792 597 838 miserrime
607 795 696 855 conjux,

62 855 159 920 Impulit
170 859 205 903 his
216 855 277 918 cingi
288 855 356 903 telis?
371 863 411 903 aut
421 871 467 917 quc
477 856 541 903 ruis?
557 857 636 918 inquit.
683 861 733 906 520

64 921 121 969 Nou
132 923 173 969 tali
184 921 275 975 auxilio,
287 935 329 967 nec
340 920 494 969 defensoribus
505 922 561 977 istis,

62 985 166 1050 Tempus
172 992 227 1049 eget
234 1003 241 1045 ς
257 1000 310 1040 non,
321 986 394 1048 siipse
400 1001 465 1033 meus
471 1002 532 1033 nuuc
540 985 619 1034 afforet
625 985 722 1036 Hector.

63 1049 121 1100 Huc
131 1052 224 1099 taudem
234 1051 347 1098 concede:
367 1052 416 1097 haec
427 1066 466 1098 ara
475 1052 573 1099 tuebitur
583 1054 678 1111 omues3

65 1117 114 1165 Aut
124 1114 223 1164 moriere
234 1115 307 1162 simul.
340 1115 378 1163 Sic
389 1131 428 1162 ore
439 1116 513 1174 effata,
525 1117 608 1179 recepit

65 1183 103 1232 Ad
114 1198 172 1238 sese,
183 1189 206 1227 et
218 1177 281 1227 sacri
290 1179 420 1242 longaevum
431 1180 455 1227 iu
467 1181 520 1228 sede
530 1182 619 1230 locavit.

96 1246 161 1295 Ecce
172 1251 247 1292 sutem
258 1244 346 1307 elapsus
358 1244 441 1307 Pyrrhi
452 1246 481 1294 de
490 1247 553 1293 crede
565 1245 660 1306 Polites,

66 1310 135 1359 Unus
146 1317 250 1357 natorum
264 1308 355 1366 Priami,
365 1325 407 1372 per
417 1310 469 1366 tela,
480 1326 520 1372 per
531 1312 613 1368 hostes,

66 1374 196 1424 Porticibus
204 1373 280 1436 longis
290 1373 356 1436 fugit,
368 1382 391 1422 et
402 1390 473 1423 vacua
483 1376 539 1422 atria
549 1377 630 1424 lustrat

66 1440 168 1489 Saucius.
201 1436 269 1486 Illum
280 1439 361 1487 ardeus
371 1439 454 1488 infesto
465 1441 558 1490 vulnere
569 1441 671 1504 Pyrrhus

64 1504 204 1568 Insequitur,
211 1507 260 1569 J'um
266 1506 360 1567 jamque
369 1521 438 1553 manu
449 1514 517 1561 tenet,
529 1515 552 1555 et
563 1508 644 1571 premit
653 1505 730 1555 hastis

64 1571 102 1619 Ut
111 1572 205 1618 tandem
215 1578 268 1616 ante
279 1570 358 1616 oculos
368 1572 440 1618 evasit
451 1579 474 1620 et
485 1586 524 1618 ora
534 1574 658 1634 pareutum.
682 1574 729 1620 581

66 1635 181 1689 Concidit,
192 1650 218 1681 ac
229 1635 301 1681 multo
312 1635 382 1681 vitam
393 1651 445 1682 cum
457 1638 566 1699 sanguine
576 1637 640 1683 fudit

65 1700 114 1749 Hic
131 1700 245 1756 Priamus,
267 1714 401 1761 quamquam
416 1702 441 1747 iu
457 1700 532 1748 medii
542 1703 591 1764 Jam
608 1707 682 1749 morte
696 1697 740 1746 te-=

163 1773 238 1821 netur,

62 1831 120 1881 Non
131 1837 211 1879 tamen
221 1829 333 1888 abstinuit
345 1846 387 1880 uec
398 1832 450 1879 voci
461 1832 546 1892 iraeque
557 1829 662 1893 pepercit.

63 1899 98 1947 At
108 1897 157 1950 tibi,
169 1912 212 1958 pro
224 1896 313 1950 scelere,
325 1898 443 1950 exclamat,
454 1911 496 1958 pro
507 1896 587 1942 talibus
598 1894 664 1951 ausis,

62 1962 104 2019 Di,
117 1962 137 2008 ri
148 1976 195 2022 qua
206 1967 241 2007 est
251 1961 310 2008 coelo
320 1962 397 2024 pietas,
409 1976 462 2022 quse
472 1960 525 2006 talia
535 1966 604 2014 curet,

64 2025 204 2075 Persolvaut
214 2033 290 2087 grates
301 2026 388 2088 dignas,
400 2034 423 2072 et
434 2026 528 2088 praemia
538 2025 632 2072 reddant

63 2091 151 2140 Debita
157 2107 165 2148 3
184 2090 223 2151 qui
234 2090 280 2136 nati
291 2105 366 2137 coram
377 2105 414 2136 me
425 2105 518 2137 cernere
526 2090 597 2136 letum

64 2156 157 2212 Fecisti,
169 2162 194 2201 et
204 2154 290 2217 patrios
299 2152 389 2201 soedisti
400 2154 480 2201 funere
490 2154 575 2201 vultus.

65 2221 158 2269 Arnon
170 2220 217 2274 ilie,
229 2227 302 2266 satum
314 2227 393 2280 quote
404 2219 513 2273 mentiris,
526 2219 627 2266 Achilles
686 2222 735 2269 540

65 2285 130 2333 Talis
139 2287 165 2331 in
177 2284 243 2331 hoste
253 2283 297 2330 luit
308 2284 415 2340 Priam03
434 2285 472 2331 sed
479 2286 533 2347 jura
541 2284 653 2345 fidemque

66 2350 180 2413 Supplicia
191 2349 287 2403 erubuit,
299 2364 424 2412 corpusque
434 2364 551 2411 exsangue
561 2350 664 2411 sepulcro

64 2413 176 2463 Reddidit
187 2409 338 2466 Hectoreum,
350 2429 431 2475 meque
439 2415 462 2460 iu
473 2430 523 2461 mea
534 2429 605 2476 regna
615 2410 708 2460 remisit.

66 2480 104 2528 Sic
114 2478 177 2526 fatus
188 2480 271 2535 senior,
282 2479 397 2540 telumque
407 2479 496 2525 imbelle
507 2480 555 2525 sine
565 2480 612 2523 ictu

64 2543 186 2608 Coujoeit3
203 2559 273 2591 rauco
283 2545 344 2605 quod
353 2544 456 2606 protinus
467 2558 513 2590 sere
524 2542 644 2603 repulsum,

4 2665 9 2672 ‚
65 2608 99 2658 Et
109 2625 201 2657 summo
211 2608 286 2671 clypei
298 2609 448 2669 nequidquam
460 2608 557 2654 umbone
567 2600 681 2664 pependit.

68 2673 112 2729 Cui
122 2674 241 2739 Pyrrhus:
260 2671 356 2723 Reieres
367 2687 423 2735 ergo
434 2673 491 2726 haec,
502 2676 527 2716 et
536 2666 629 2715 nundus
638 2663 684 2711 ibi·
