1709 2925
138 135 190 183 292
326 125 494 181 muros
509 126 564 176 Lsa.
575 126 624 175 1x.

138 258 263 322 Effugis„
279 272 353 319 neque
363 259 424 306 enim
434 258 454 305 is
464 258 504 304 teli
515 272 557 304 nec
569 257 671 304 vulneris
683 240 776 309 suctoi.
802 266 807 289 ¹

141 324 180 373 sie
191 325 228 379 ait,
240 331 264 371 et
275 323 386 371 sublatum
396 323 442 370 alte
452 323 570 384 consurgit
580 323 604 368 in
615 338 705 378 ensem,

140 388 175 438 Et
185 389 281 436 medinm
288 387 348 435 ferro
359 388 521 450 geminainter
533 395 635 448 tempora
645 387 751 436 frontem
767 392 813 437 75⁰

140 453 238 508 Dividit,
248 454 394 515 impubesque
403 453 494 500 immani
507 452 600 499 vulnere
609 452 690 500 mdes.

140 517 181 567 Fit
192 533 276 565 sonus:
296 517 383 580 ingenti
394 533 505 565 concussa
515 527 550 563 est
560 517 661 578 pondere
671 519 751 566 tellus.

141 581 262 645 collapsos
275 589 336 631 artus
347 589 414 643 atque
424 597 487 628 arma
498 589 591 628 cruenta
601 584 695 629 cerebro

142 647 229 696 Sternit
239 648 301 697 hruni
312 649 426 704 moriens3
444 655 510 707 atquc
520 646 554 693 illi
564 647 664 708 partibus
675 650 751 709 nequis
801 688 807 695 .

141 712 198 763 Huc
209 719 276 776 caput
286 720 353 773 atque
363 711 418 759 illue
427 713 524 759 humero
532 726 562 758 ex
572 719 670 772 utroque
679 714 797 778 pependit

141 777 275 842 Diffugiunt
286 778 345 825 versi
356 775 443 840 trepidi
452 775 573 823 formidine
583 775 673 834 Tmen

140 843 182 900 Et,
194 845 213 893 si
224 843 331 893 continuo
342 843 451 890 victorem
461 856 489 888 ea
499 856 553 888 cura
563 839 668 896 subisset,

141 907 259 972 Rumpere
269 908 365 959 claustra
375 922 443 954 manu
455 908 573 966 sociosque
583 907 709 955 immittere
719 908 804 970 portis,

142 973 244 1023 Ultimus
254 974 293 1020 ille
303 972 350 1019 dies
360 972 422 1021 bello
429 971 537 1033 gentique
546 969 646 1018 fuisset.x

143 1039 189 1086 Sed
201 1039 263 1091 furor
274 1037 390 1089 ardentem
401 1036 513 1097 credisque
523 1037 603 1087 insana
612 1036 699 1098 cupido
768 1040 814 1087 '160

140 1099 205 1165 Egit*
210 1103 233 1148 in
245 1103 358 1155 adversos.
390 1100 393 1113 '

141 1167 257 1230 Principio
269 1166 383 1215 Phslerim
394 1175 423 1223 et,
435 1167 523 1216 succiso
533 1168 624 1229 poplite,
637 1168 729 1231 Gygen

141 1232 251 1296 Excipit3
268 1234 321 1280 hinc
332 1239 406 1295 raptas
416 1232 554 1293 fugientibus
565 1234 650 1294 ingerit
660 1235 743 1283 hastas

141 1296 173 1346 In
183 1308 274 1361 tergus:
293 1297 356 1348 duno
367 1298 428 1345 vires
439 1297 583 1357 animumque
593 1298 716 1347 ministrat.

141 1364 215 1412 Addit
226 1363 313 1424 Halym
325 1364 439 1417 comitem,
448 1370 472 1409 et
482 1359 571 1409 confixi
582 1361 678 1424 Phegea
689 1361 784 1426 perusin

140 1427 241 1492 Ignaros
251 1429 331 1475 deinde
341 1430 365 1476 in
376 1429 447 1476 muris
458 1427 603 1488 Martemque
612 1428 702 1480 cientes

140 1494 326 1555 Alcandrumque
343 1492 482 1557 Haliumque
497 1492 812 1559 NoemonaquePrytsnim·

138 1581 142 1598 ¹
238 1575 299 1621 <lust

141 1624 236 1687 Lyncea
246 1624 376 1673 tendentem
388 1631 476 1679 contra,
489 1624 607 1684 sociosque
617 1633 753 1682 vocantem,

142 1690 247 1740 Vibranti
258 1690 334 1754 gladio
345 1691 456 1740 connixus
467 1690 494 1737 ab
504 1704 590 1751 aggere
599 1690 681 1738 dexter

143 1756 261 1819 Occupat:
280 1757 331 1804 huie
342 1771 390 1805 uno
399 1756 512 1815 dejectum
522 1756 649 1801 comminus
660 1756 711 1804 ictu
766 1755 810 1806 ⁷70

143 1821 204 1874 Cum
215 1821 282 1885 galei
292 1822 362 1883 longe
367 1820 440 1883 jacuit
450 1826 524 1881 caput.
557 1818 615 1866 Inde
624 1818 727 1868 ferarum

142 1887 290 1936 Vaststorem
302 1888 424 1948 Amycum,
436 1900 481 1945 quo
493 1900 539 1931 non
549 1883 637 1931 felicior
647 1885 707 1932 alter
803 1889 805 1902 ¹

143 1951 240 2015 Ungere
250 1953 295 2000 tela
305 1967 381 2004 manu,
391 1948 520 2010 ferrumque
531 1964 619 1996 armare
629 1965 738 2007 renunes
803 1953 804 1958 ’

141 2016 176 2064 Et
187 2015 290 2077 Clytium
301 2017 417 2070 AEoliden,
430 2022 453 2062 et
464 2015 560 2061 amicum
573 2012 679 2084 Crethea·
686 2015 783 2072 Musis3

142 2080 242 2132 Crethea
252 2081 374 2129 Musarum
385 2080 497 2134 comitem,
509 2078 658 2128 cui'csrmins
668 2095 761 2143 semper

141 2146 176 2194 Et
186 2146 277 2202 cithnrae
288 2148 357 2199 cordi,
370 2160 521 2205 numerosque
531 2144 648 2191 intendere
660 2146 756 2203 nervis;

141 2212 237 2272 Semper
248 2226 325 2271 equos,
334 2219 402 2272 etque
409 2225 472 2259 erma
479 2210 561 2266 virum,
570 2224 708 2271 pugnasque
715 2210 812 2258 canem

173 2274 277 2323 Tandem
288 2276 399 2331 ductores,
411 2272 487 2322 auditi
497 2274 560 2321 caede
571 2289 675 2330 suorum,

142 2340 288 2394 Conveniunt
299 2337 390 2395 Teucri,
402 2338 539 2386 Mnestheus
550 2354 646 2399 acerque
657 2339 782 2397 Serestum

141 2408 293 2464 Pslantesque
304 2406 382 2451 vident
393 2404 474 2458 socios,
486 2404 618 2463 hostemque
630 2414 758 2465 receptum.

139 2472 174 2521 Et
186 2470 328 2525 Mnestheus,
341 2468 396 2523 Quo
406 2467 488 2516 deinde
496 2467 582 2531 sugam,
590 2482 637 2528 quo
647 2469 762 2517 tenditis?
777 2469 812 2515 in·

254 2534 293 2579 uit.
387 2539 400 2555 ‘
768 2535 809 2583 781

141 2598 209 2651 Quos
220 2548 276 2644 alins
286 2611 370 2650 muros,
381 2595 489 2657 quejam
500 2596 560 2645 ultra
569 2594 656 2643 moenia
666 2596 774 2646 habetis?

142 2660 297 2717 Unusltomo,
307 2667 331 2708 et
341 2660 456 2720 vestrim
467 2661 537 2718 eines,
547 2660 650 2722 undique
657 2668 743 2725 septim
762 2707 766 2715 ,
778 2708 782 2712 ,
802 2705 806 2711 .
