1709 2925
160 103 192 146 26
331 94 516 145 BUCOLICA.
533 95 593 143 Ecs.
604 96 652 145 lx.

160 227 262 289 Pignora
273 242 324 274 cura
335 227 384 282 sui3
402 242 453 287 quae
464 242 524 272 nunc
535 243 579 288 ego
590 228 667 273 limine
677 228 701 273 in
712 227 771 289 ipso,

159 292 237 348 Terra,
249 293 288 338 tibi
299 292 394 338 mando:
414 292 496 337 debent
506 295 555 337 haec
566 293 661 353 pignora
672 291 792 358 Daphnim

160 357 247 406 Ducite
269 358 301 403 sb'
318 358 372 404 urbe
391 356 489 411 domum,
504 372 555 402 mea
571 358 675 412 carmina,
691 358 769 405 ducite
780 358 835 406 Da-

257 423 336 484 phnin.
397 475 399 480 ¹

161 487 214 535 Has
224 488 310 541 herbas,
321 494 388 547 atque
398 487 448 533 haec
460 484 536 532 Ponto
546 487 600 532 mihi
610 486 670 533 lecta
680 503 780 547 venena,

161 551 215 615 Ipse
226 553 287 599 dedit
297 552 394 599 Moeris:
414 560 537 598 nascuntur
547 551 642 612 plurima
653 550 744 599 Pontoz

162 617 208 665 His
219 634 263 680 ego
274 633 335 679 saepe
345 618 422 679 lupum
434 616 490 673 fieri,
502 623 525 662 et
536 632 561 662 se
572 617 668 663 condere
679 617 742 664 silvis

160 682 255 739 Moerin,
268 698 327 745 saepe
338 684 424 729 animas
435 682 486 728 imis
496 682 571 728 excire
581 682 694 743 sepulcris,

161 748 239 808 Atque
250 754 310 795 satos
321 748 364 795 ulio
375 748 421 794 vidi
432 747 548 793 traducere
560 762 651 794 messes.

161 811 248 860 Ducite
266 814 293 859 ab
311 814 364 862 urbe
378 813 479 870 domum,
498 827 550 858 meu
564 813 671 867 carmina,
686 812 762 859 ducite
780 813 851 861 Da?

273 879 334 924 hnin.
486 909 492 924 r
784 884 834 926 100

162 941 208 990 Fer
219 894 311 997 ciniies,
324 942 443 1002 Amarylfi,
454 941 521 996 foras,
533 942 626 1002 rivoque
636 941 715 988 fluenti

161 1007 280 1069 Transque
296 1014 362 1069 ceput
368 1009 420 1070 jace
425 1025 434 1067 ;
451 1022 493 1053 nec
507 1009 643 1069 respexeris:
663 1007 698 1053 his
715 1022 761 1069 ego
778 1008 833 1060 Da,-

274 1071 329 1118 hnin
736 1077 739 1082 ⁴

161 1089 306 1199 Aggrediin
324 1136 379 1182 nihil
389 1136 427 1182 ille
438 1136 499 1191 deos,
510 1136 543 1181 nil
554 1137 651 1183 camnine
661 1143 731 1183 curat

161 1201 248 1250 Ducite
266 1204 294 1250 ab
312 1203 367 1249 urbe
384 1201 482 1257 domum,
496 1215 547 1246 mee
564 1203 669 1257 carmina,
685 1202 761 1249 ducite
779 1202 833 1251 Da·

273 1268 334 1314 huin.

162 1284 277 1394 Adspicep:
297 1332 403 1393 corripuit
415 1331 516 1377 tremulis
527 1331 605 1377 altaria
614 1330 711 1377 flammis
747 1337 748 1342 ’

162 1396 306 1457 Spontesui,
318 1397 371 1442 dum
382 1395 442 1442 ferre
452 1410 534 1449 moror,
546 1396 602 1442 cinis
612 1398 667 1456 ipse
684 1396 777 1442 Bonum
790 1398 832 1445 sit!

162 1460 248 1509 Nescio
259 1462 313 1522 quid
319 1469 384 1523 xcerte
396 1468 445 1517 est3
463 1468 487 1507 et
498 1460 578 1521 Hylax
588 1462 611 1507 in
623 1460 700 1508 limine
711 1462 792 1511 latrat,

163 1524 299 1574 Credimus?
317 1541 352 1581 an,
365 1527 402 1587 qui
413 1534 496 1579 amant,
508 1527 550 1588 ipsi
561 1526 601 1572 sibi
613 1528 700 1574 somnis
710 1526 824 1589 fingunt?

162 1589 259 1645 Parcite,
276 1592 303 1638 sb
322 1592 377 1638 urbe
395 1592 465 1646 venit,
479 1591 529 1653 jam
545 1593 635 1654 parcite,
655 1593 763 1650 carmina,
782 1594 833 1642 Da·

256 1656 333 1719 plmis.

394 1848 536 1929 Remus
553 1848 600 1897 lx.

450 1982 541 2028 Moris.

381 2116 490 2150 srcmss.
522 2116 614 2150 ursum.

440 2283 551 2315 srcmss.

161 2343 218 2399 Quo
229 2350 258 2402 tc,
272 2344 351 2402 Moeri,
361 2347 448 2410 pedes?
464 2364 500 2404 arr,
512 2364 558 2410 quo
570 2348 607 2396 ria
617 2347 685 2404 ducit,
693 2348 717 2394 iu
727 2348 825 2398 urbem?

452 2492 543 2526 mels

166 2554 189 2602 0
202 2553 296 2615 Lycida,
308 2556 354 2602 vivi
366 2560 517 2618 pervenimus,
528 2560 615 2606 advena
624 2561 696 2607 nostri

170 2619 252 2682 (Quod
263 2636 380 2685 nunquam
390 2624 457 2672 veriti
468 2623 557 2685 sumus)
569 2633 594 2671 ut
604 2640 721 2688 possessor
732 2628 802 2690 agelli
