1709 2925
255 136 577 198 euouetea.Ln1v;
712 156 742 203 ar

71 270 174 332 Tartara,
184 275 342 337 wndeusque
351 265 458 338 implexae
468 277 566 324 crinibus
577 288 665 339 angues

72 339 218 396 Eumenides,
229 342 348 402 tenuitque
358 342 447 388 inhians
458 342 500 387 tria
512 338 626 390 Cerberus
636 357 684 401 ora,

72 406 147 467 Atque
158 405 244 453 lxiauii
252 414 327 453 uento
335 413 386 453 rota
397 407 499 453 constitit
509 407 577 454 orbis.

70 469 167 532 Jamque
177 471 258 534 pedem
269 470 369 517 referens
379 485 446 534 casus
456 479 558 518 evaserat
569 487 654 529 omues,

70 533 211 598 Redditaque
222 530 338 597 Eurydice
348 550 441 598 superas
451 537 554 584 veniebat
564 537 592 584 ad
603 552 676 593 auras,

70 599 133 650 Pone
154 615 259 727 aequmq,
281 601 394 665 (namque
413 601 471 647 hanc
493 600 584 649 dederat
605 601 742 668 Proserpina

71 728 128 779 Cum
139 681 341 779 suffimentum
351 729 465 777 dementia
476 731 536 792 cepit
547 739 666 787 amantem,

71 793 213 858 Ignosoende
223 795 320 857 quidem,
333 795 417 841 scireut
427 796 447 841 ai
457 797 578 857 ignoscere
589 796 687 856 Manes;

71 858 169 917 Restitit,
180 861 357 922 Eurydicenque
367 874 431 907 suum
439 862 488 922 jam
499 861 550 908 luce
560 862 602 909 rub
612 863 619 907 i
647 861 660 908 i
692 866 743 911 490

71 922 200 984 Immemor,
211 925 272 973 heu!
289 926 408 986 victusque
419 927 487 972 animi
499 928 604 987 respexit.
649 928 654 940 '
667 928 743 974 omnia

72 986 162 1039 unna
171 987 242 1046 lalror,
253 997 322 1051 atque
331 980 502 1052 immitia'rupta
512 992 603 1052 tyranni

72 1053 170 1112 Ftedera,
179 1064 261 1118 terque
270 1054 349 1118 fragor
359 1055 447 1117 stagnis
458 1056 546 1104 auditus
557 1057 664 1105 Auernis.

73 1117 118 1179 llla,
138 1121 198 1176 Quis
217 1128 242 1167 et
258 1134 304 1175 me,
321 1120 402 1181 iuquit,
418 1120 531 1176 miseram,
548 1130 571 1169 et
591 1130 614 1171 te
632 1122 740 1185 perdidit,

195 1201 231 1241 eu,

75 1185 214 1306 Quisqurgthus
222 1248 305 1298 furor?
321 1247 362 1297 En
372 1249 455 1298 iterum
464 1251 563 1299 crudelia
574 1262 634 1300 retro

75 1313 127 1364 Fata
135 1323 224 1373 vocant,
235 1315 357 1376 conditque
366 1315 467 1362 natantia
476 1316 562 1364 lumina
572 1333 673 1366 somnus·

76 1379 164 1443 Jamque
173 1382 231 1430 vale.
248 1379 322 1429 Feror
332 1380 420 1441 ingenti
431 1380 567 1429 circumdata
577 1391 651 1439 nocte,

77 1443 226 1510 Invalidasque
236 1446 275 1493 tibi
286 1445 390 1503 tendens,
400 1445 460 1496 heu!
474 1462 519 1495 non
530 1455 576 1505 tua,
587 1449 682 1512 palmas.

76 1510 144 1571 Dixit,
154 1521 177 1561 et
187 1525 219 1560 ex
229 1510 301 1559 oculis
311 1512 395 1569 subito,
405 1526 448 1558 ceu
457 1511 533 1560 firmus
542 1514 566 1560 in
578 1529 644 1563 auras

77 1574 210 1625 Commintus
221 1584 310 1631 tenues,
319 1575 381 1639 fugit
389 1577 494 1637 diveraa3
516 1594 589 1641 neque
598 1580 669 1634 illum,
687 1581 738 1627 500

77 1641 213 1692 Prensantem
225 1642 376 1703 nequidquam
385 1644 484 1701 umbras,
495 1652 519 1690 et
528 1644 601 1691 multa
610 1645 726 1692 volentem

76 1705 157 1764 Dicere,
167 1713 277 1771 preterea
287 1707 358 1767 vidit3
373 1722 416 1755 nec
425 1709 523 1769 portitor
533 1709 590 1756 Orci
603 1737 607 1768 ι

76 1773 170 1836 Amplius
180 1774 290 1836 objectam
300 1787 380 1834 passm
390 1775 486 1820 transire
495 1774 608 1835 paludem.

76 1837 130 1893 Quid
138 1836 300 1897 lacereti‘quo
311 1852 337 1883 se
347 1833 411 1899 rapat
419 1837 455 1883 bis
466 1840 565 1898 conjuge
573 1836 662 1883 ferret?

76 1902 122 1958 Quo
130 1902 185 1952 fletu
195 1902 286 1957 Manes,
297 1899 342 1964 quit
352 1901 457 1948 Numina
466 1916 524 1947 voce
533 1901 656 1949 moveret?

75 1967 112 2017 Illa
120 1969 206 2032 quidem
217 1965 300 2029 stygii
309 1967 377 2014 nabat
382 1967 433 2029 Jam
442 1964 526 2028 frigida
536 1965 624 2027 cynthi.
639 1981 643 1986 ⁴

75 2034 156 2099 Septem
166 2033 230 2080 illurn
240 2039 303 2079 totos
311 2031 431 2094 perhibent
440 2045 471 2077 ex
481 2032 560 2078 ordne
569 2047 668 2092 menaea,

74 2096 133 2163 Rupe
142 2098 182 2147 sub
191 2096 261 2154 adali,
270 2096 354 2144 deuerti
363 2097 393 2144 ad
403 2096 533 2157 Strymonis
544 2097 635 2155 undam,

74 2163 174 2221 lleviue,
183 2169 207 2210 et
217 2161 301 2225 gelidis
308 2162 360 2209 hanc
369 2163 482 2209 evolvisse
492 2163 534 2209 sub
544 2164 621 2221 antris,
684 2169 735 2214 509

74 2229 203 2279 Murenam
224 2228 229 2239 ”
301 2233 327 2274 et
335 2234 443 2290 agentem
453 2229 554 2276 carmine
563 2246 674 2291 quercus:

74 2295 196 2357 Quispop
257 2306 358 2340 moereua
369 2291 496 2341 Philomela
506 2295 547 2341 nub
557 2295 638 2343 umbri

74 2360 165 2409 Amissus
174 2357 362 2420 queritantem
378 2373 436 2419 quoa
445 2360 515 2407 durua
525 2367 600 2407 arator

74 2425 188 2475 oberrans
198 2423 253 2471 nido
262 2422 382 2487 implumes
392 2424 503 2472 detraxit:
524 2431 548 2470 at
557 2425 596 2470 illa

74 2490 119 2539 luet
128 2496 223 2547 uucoem,
232 2502 343 2549 ramoque
353 2489 435 2536 sedena
444 2488 570 2535 miserabile
580 2498 671 2532 carmen

74 2554 170 2620 integrat,
181 2560 207 2602 et
215 2553 304 2601 moeatis
313 2553 359 2600 late
369 2554 419 2601 loca
429 2553 544 2614 questibus
555 2549 641 2609 implet.

74 2620 136 2670 Nulla
143 2618 229 2675 Venus,
239 2633 288 2667 nou
297 2617 338 2665 ulli
348 2618 448 2665 animum
459 2613 545 2661 flexere
555 2611 689 2671 Hymenet

76 2688 133 2737 nolu,
142 2682 302 2749 Hyperborea,
311 2680 551 2748 gmffmianque
561 2673 668 2728 maciem.
