1709 2925
278 152 512 215 erumnosus
525 154 573 213 ιιι,
631 225 634 230 ,
715 165 766 217 ιιι,

89 290 138 339 Ille
148 290 211 337 licet.
225 287 299 339 Vobis
309 288 407 335 unimam
418 286 476 333 hanc
488 302 611 349 soceroque
622 286 705 338 Latino
716 296 765 339 440

90 356 189 404 Turnus
200 369 252 418 ego,
264 353 324 400 lreud
335 352 375 398 ulli
385 358 488 398 veterum
499 353 583 399 virtute
594 355 714 412 secundus,

92 420 197 469 Devovi.
230 419 309 467 Solum
321 417 409 464 AEness
418 424 494 463 vocat.
529 417 569 473 Et,
581 428 653 475 vocet,
665 437 714 469 oro.

92 486 148 533 Nec
160 484 265 532 Drances
276 483 357 545 potius,
370 481 418 528 sive
430 489 464 528 est
476 482 525 528 iraec
536 482 570 530 ire
581 483 694 541 Deorum,

93 551 177 598 Morte
186 549 251 605 luut;
268 550 316 595 sive
326 554 362 593 est
373 546 447 592 virtus
458 555 482 592 et
491 547 570 606 glorie,
582 549 654 597 tollet.

127 614 166 661 Illi
177 616 228 661 haee
240 610 300 661 inter*
311 628 336 660 se
346 610 420 658 dubiis
431 611 460 657 de
472 612 538 658 rebus
550 614 648 674 agebant

95 678 234 737 Certuntes5
252 685 325 726 castra
335 676 423 724 AEueus
434 676 549 736 aciemque
560 680 672 726 movebat.

94 745 217 792 Nuntius
211 744 299 805 mgenti
309 757 350 805 per
360 740 423 803 regie
433 747 493 787 tectu
504 743 602 789 tumultu
636 775 642 785 .

94 810 162 859 Ecce
172 810 223 864 ruit,
234 810 369 871 magumque
379 806 457 853 urbem
468 807 589 853 terroribus
598 807 693 870 implet:

96 874 227 921 Instructos
238 875 286 920 scie
296 872 406 919 'liberino
416 885 431 917 a
441 869 535 918 flumine
545 870 704 928 Teucros,

94 938 285 1001 Tyrrhenumque
295 952 395 990 menum,
406 935 461 983 totis
471 936 607 984 descendere
617 939 709 1001 campis.
720 942 769 987 450

2 1050 6 1059 ,
95 1004 223 1065 Extemplo
233 1005 315 1050 turbati
326 1001 402 1056 animi,
413 1015 568 1062 concussoque
579 1003 643 1065 vulgi

95 1068 204 1124 Pectora,
214 1075 237 1115 et
248 1075 341 1115 errectae
349 1066 449 1126 ptimulis
459 1067 518 1112 houd
529 1067 649 1115 mollibus'
643 1083 691 1116 rrae.

94 1135 173 1191 Arma
182 1149 251 1181 msnu
261 1133 341 1195 trepidi
351 1139 462 1194 poscunt3
479 1130 555 1178 tremit
563 1148 626 1180 srme
631 1118 756 1195 juveutus3

95 1186 168 1248 Flent
178 1199 254 1247 moesti
265 1205 411 1258 mussantque
420 1203 502 1258 patres.
518 1194 675 1260 Hicundique
683 1200 768 1248 clamor

95 1263 213 1313 Disseusu
223 1266 286 1312 vario
297 1278 394 1326 magnus
405 1277 431 1308 se
441 1261 517 1307 tollit
510 1277 535 1308 ιιι
545 1278 623 1322 aures,

95 1329 172 1377 Haud
180 1345 251 1385 secus,
262 1336 330 1391 atque
340 1327 403 1375 elto'
397 1342 421 1373 ιιι
432 1327 485 1373 luco
493 1341 545 1373 cum
556 1327 615 1375 forte
626 1336 724 1377 eotervae

97 1391 234 1443 Consedere
245 1395 326 1450 avium,
338 1394 457 1455 piscosove
467 1406 534 1439 smne
546 1391 643 1441 Psdusae

95 1459 167 1507 Dent
178 1459 276 1507 sonitum
286 1460 349 1513 rauci
358 1475 399 1521 per
409 1466 492 1520 stagna
501 1457 603 1520 loquacis
614 1460 688 1521 cycni.

96 1524 184 1580 Immo,
194 1526 231 1579 eit,
244 1542 258 1572 o
270 1526 338 1579 cives,
350 1532 440 1586 arrepto
451 1532 559 1586 tempore,
571 1524 672 1581 Turnus,

98 1589 187 1653 cogite
198 1590 324 1644 concilium,
335 1596 359 1637 et
369 1604 448 1653 pacem
459 1590 548 1637 laudate
559 1592 675 1638 sedentes:
720 1593 770 1638 460

97 1653 138 1703 Illi
149 1657 217 1701 ermis
228 1657 252 1701 iu
263 1671 333 1718 regne
344 1661 418 1702 ruent.
450 1653 503 1701 Nec
513 1655 577 1716 plura
588 1656 678 1702 locutus

96 1719 219 1781 Corripuit
230 1736 285 1776 sese,
297 1728 321 1767 et
332 1720 398 1767 tectis
409 1719 468 1766 citus
478 1720 559 1766 extulit
569 1720 627 1766 eltis.

96 1785 145 1840 Tu,
158 1785 252 1841 Voluce,
264 1786 344 1832 armari
356 1784 494 1831 Volscorum
505 1785 568 1831 edice
579 1784 699 1846 maniplis;
723 1798 726 1806 s

96 1851 163 1906 Duc,
175 1851 213 1904 eit,
225 1858 249 1897 et
259 1849 366 1897 Rutulos.
388 1849 504 1910 Equitem,
516 1848 645 1911 Messapus,
657 1849 681 1895 in
693 1848 768 1905 armis,

94 1915 193 1965 Etcum
203 1915 273 1963 fratre
284 1912 363 1970 Coros,
374 1914 426 1962 letis
438 1913 553 1960 diffundite
563 1915 656 1976 campis.

96 1980 159 2029 Pars
169 1981 243 2027 aditus
253 1980 313 2027 urbis
323 1979 421 2034 firment,
432 1987 550 2039 turresque
560 1985 693 2042 capessant:

97 2044 199 2102 Cretera,
210 2044 332 2108 quijusso,
343 2060 434 2092 mecum
445 2058 525 2091 manus
535 2043 617 2091 inserat
626 2059 696 2092 mmo.

96 2109 168 2158 Ilicet
178 2112 202 2157 in
212 2126 290 2168 muros
301 2108 350 2157 toti
361 2110 494 2157 discurritur
505 2110 567 2155 urbe.
692 2157 694 2161 ³

97 2173 230 2224 Concilium
240 2176 288 2238 ipse
299 2182 362 2238 puter
371 2182 396 2222 et
406 2189 491 2236 mogus
501 2175 590 2237 inceptu
601 2172 697 2222 Latinus

97 2238 201 2296 Deserit,
213 2256 239 2287 sc
251 2241 309 2287 tristi
320 2241 421 2287 turbatus
431 2248 533 2302 tempore
543 2240 631 2297 differt3
720 2240 770 2289 470

98 2306 222 2367 Multoque
232 2322 257 2353 se
267 2307 363 2361 incuset,
376 2306 415 2366 qui
426 2320 473 2351 non
484 2305 595 2368 acceperit
605 2276 666 2352 uitro
820 2311 824 2318 ⁴

97 2370 243 2430 Dardanium
252 2370 351 2426 AEnesn‚
362 2385 517 2433 generumque
528 2371 648 2418 adsciverit
658 2369 714 2417 urbi.

97 2434 245 2484 Praefodiunt
254 2436 291 2484 elii
302 2444 385 2498 portes,
397 2442 436 2483 eut
446 2451 501 2483 sexo
511 2436 623 2497 sudesque

99 2500 247 2549 subvectant
279 2500 346 2548 Bello
357 2502 424 2548 dot'
406 2516 497 2579 signum
509 2516 575 2547 muco
585 2505 704 2546 cruentum

98 2564 211 2614 Buccins.
242 2565 305 2613 Tum
317 2581 394 2613 muros
405 2560 467 2613 veria
477 2562 569 2611 cinxere
579 2560 664 2610 corond

1 2679 2 2684 ,
98 2630 218 2678 Matronae
228 2632 353 2693 puerique,
369 2637 437 2677 vocat
446 2630 509 2676 lnbor
519 2629 611 2675 ultimus
622 2641 709 2674 omues.

6 2691 7 2694 ’
97 2694 199 2744 Necnon
211 2698 239 2748 sd
250 2697 359 2761 templum
370 2709 515 2756 summusque
525 2694 554 2743 sd
565 2692 664 2756 Palladis
675 2701 738 2738 eroes
