1709 2925
151 123 182 167 16
332 114 517 167 BUCOLICA.
533 117 592 167 Eos
604 118 636 168 V.

150 244 203 293 Nos
218 251 295 322 tamen
309 245 358 292 haee
382 258 523 306 quocumque
546 247 614 293 modo
630 248 669 294 tibi
685 256 766 298 nostra
785 253 824 300 vi·

150 325 445 436 Βὶοειιιιιοιιζῃῧιριιιίιιᾳιε
455 381 518 421 tuum
530 376 634 423 tollemus
644 379 673 425 ad
682 386 760 435 mtra3
788 323 826 365 ⁵⁰

149 439 392 567 Daphnirbnsppmpptra
409 439 522 487 feremus:
555 443 638 489 amavit
665 457 718 490 nos
711 461 824 520 quoque

431 634 532 668 MOPSUS

149 699 189 746 An
200 699 319 760 quidquam
329 698 395 745 nobis
406 699 445 745 tali
457 700 486 745 sit
495 713 589 747 munere
598 700 688 765 majus?

149 763 183 811 Et
193 780 248 826 puer
257 766 307 826 ipse
316 763 360 810 iuis
370 764 456 810 cantari
467 763 565 825 diguus3
582 772 606 812 et
616 767 659 812 ista

146 828 200 877 Jam
210 829 297 892 pridem
308 828 417 896 Stimicon
428 828 527 875 laudavit
538 831 636 877 camnine
648 832 746 879 nobis.

399 957 549 991 'mimimo

148 1022 264 1073 Candidus
275 1023 490 1071 insuetumhniratur
500 1024 569 1071 limen
580 1023 678 1086 Olympi,

146 1089 196 1137 Sub
205 1089 341 1151 pedibusque
350 1089 412 1136 videt
423 1090 493 1136 nubes
503 1097 527 1136 et
537 1089 609 1135 sidera
620 1088 732 1151 Daphnis.

147 1154 213 1215 Ergo
224 1153 303 1200 alacris
313 1155 380 1202 silvas
390 1161 414 1200 et
425 1162 508 1201 caetera
517 1169 569 1201 rura
578 1154 681 1216 voluptas

148 1218 255 1280 Panaque
265 1226 409 1281 pastoresque
419 1226 481 1266 tenet
493 1218 641 1280 Dryadasque
651 1218 744 1280 puellas.

147 1283 199 1331 Nec
209 1284 275 1345 lupus
286 1283 376 1332 insidias
386 1285 468 1346 pecon,
480 1300 522 1330 nee
532 1286 588 1331 retia
597 1284 671 1329 cervis
779 1289 815 1331 60

147 1348 205 1397 Ulla
214 1349 290 1396 dolum
302 1349 450 1396 meditantur:
470 1356 530 1395 amat
539 1350 612 1396 honus
623 1349 669 1394 otia
679 1346 795 1410 Daphnis.

146 1412 195 1476 Ipsi
206 1411 284 1461 laetitii
294 1429 362 1461 voces
372 1414 401 1461 ad
412 1414 500 1460 sidera
489 1420 577 1492 jactant

146 1478 236 1526 intonsi
247 1485 347 1526 montea-
341 1481 420 1541 ,ipsae
426 1482 475 1540 jam
485 1480 584 1527 earmina
594 1494 667 1541 rupes,

143 1532 200 1607 ipsa
206 1551 292 1591 sonant
301 1544 405 1591 arbusta:
425 1543 498 1600 Deus,
511 1545 619 1600 densius,
631 1544 755 1592 Menalca!

147 1610 184 1657 Sis
194 1610 266 1655 bonus
277 1624 291 1655 ο
301 1608 401 1669 felixque
411 1610 471 1656 tuis
466 1609 471 1641 ¹
489 1624 518 1656 en
528 1616 633 1669 quattuor
644 1620 708 1655 aras:

144 1674 208 1723 Ecce
213 1674 274 1720 duas
284 1673 329 1728 tibi.
341 1673 442 1734 Daphni,
451 1674 509 1720 duas
519 1674 597 1720 altaria
608 1673 703 1719 Phoebu

85 1746 87 1749 '
146 1739 233 1787 Pocula
243 1739 295 1784 bina
306 1753 366 1785 novo
377 1739 503 1799 spumantia
513 1738 572 1784 lacte
582 1738 703 1813 quotannis

146 1803 297 1864 Craterasque
307 1803 352 1849 duo
363 1803 459 1849 stateram
470 1802 541 1849 tihi
520 1803 610 1879 pinguis
620 1802 683 1849 olivi.

144 1869 179 1917 Et
189 1869 277 1916 multo
271 1884 294 1914 m
305 1868 383 1930 primia
394 1867 491 1914 hilarans
500 1867 604 1913 convivia
614 1866 726 1919 Baccho,

143 1936 208 1981 Ante
217 1933 301 1988 iseum,
312 1948 331 1980 ar
324 1932 414 1995 frigus
426 1933 474 1986 erit,
486 1933 505 1978 si
516 1933 603 1986 messis,
614 1931 638 1977 iu
650 1928 734 1987 umbri,
779 1935 812 1979 70

145 1998 207 2046 Vina
219 2014 302 2045 novum
313 1997 406 2044 fundam
414 1998 509 2043 esuathis
520 1997 612 2043 Ariusia
621 2003 706 2043 nectar

145 2064 275 2114 cantabunt
285 2063 340 2109 mihi
351 2062 472 2109 Damoetas
483 2068 507 2108 et
517 2059 613 2122 Lyctius
624 2059 743 2123 AEgou3

145 2131 258 2177 Saltantes
270 2128 364 2187 Satyros
374 2127 497 2172 imitabitur
507 2125 694 2188 Alphesiboeus.-

145 2193 208 2242 Haee
216 2194 255 2239 tibi
267 2208 354 2254 semper
363 2197 439 2248 erunt,
449 2198 473 2237 et
483 2205 535 2237 cum
547 2190 657 2237 sollennia
667 2198 723 2238 vota

144 2259 275 2308 Reddemus
283 2256 405 2331 Nymphis,
416 2263 499 2302 etcum
510 2248 652 2302 lustrabimus
663 2270 739 2317 agros

142 2325 227 2372 Dum
216 2337 274 2385 Juga
284 2321 367 2368 montis
377 2335 437 2382 aper,
437 2319 530 2367 fluvios
540 2320 625 2367 dum
603 2320 672 2382 piscis
681 2321 772 2377 amabit,

142 2390 254 2449 Dumque
265 2388 345 2447 thymo
354 2395 475 2447 pascentur
485 2400 546 2447 apes,
557 2386 610 2432 dum
622 2400 673 2432 rore
684 2386 775 2440 meadae,

143 2457 238 2514 Semper
248 2453 320 2498 honos
331 2465 457 2510 nomenque
467 2456 531 2497 tuum
541 2449 662 2511 laudesque
672 2450 800 2496 manebunt.

144 2520 179 2567 Ut
191 2517 281 2566 Baccho
293 2513 421 2575 Cererique,
433 2515 473 2561 tibi
484 2517 517 2562 sie
527 2520 582 2561 vota
592 2514 712 2574 quotannis

143 2582 260 2648 ΔςιίιοΙιι
268 2580 366 2638 sacient3
384 2579 499 2628 damnabis
509 2587 535 2627 tu
544 2594 633 2642 quoque
643 2579 712 2629 votis
777 2581 808 2625 80
