1709 2925
250 75 438 126 GEORGICA.
455 76 508 125 Lre.
519 76 539 125 1.
698 85 730 127 83

72 206 146 269 Tuque
156 208 219 264 edem
230 224 297 270 quern
307 224 364 256 mox
374 224 424 270 quae
436 208 481 255 sint
491 208 591 256 habiture
601 208 695 257 deorum

23 327 25 342 r
74 272 175 329 Caecilia,
186 275 301 320 incertum
309 282 359 320 eet:
379 275 474 321 urbeeue
484 275 588 327 invisere,
600 273 687 330 cesar,

23 351 24 382 r
71 335 231 400 Terrarumque
242 340 298 386 velie
308 354 391 391 curem,
403 347 425 385 et
437 346 460 385 te
470 340 651 387 meximueorbie

23 389 25 460 i
72 402 190 450 Auctorem
201 404 293 466 frugum
304 411 505 465 tempestatumque
514 412 629 465 potentem

23 463 25 518 l
73 466 175 531 Accipiat,
187 470 284 530 cingens
294 468 395 515 materni
405 479 505 530 tempora
516 477 607 529 myrto;
689 503 695 514 ,

23 523 25 546 r
71 532 106 578 An
116 534 170 580 deus
178 534 283 580 immensi
294 535 370 581 veniae
381 535 455 586 meris,
467 549 492 579 ac
504 541 542 579 tua
553 542 629 580 nautae

23 637 24 640 ,
71 595 167 645 Numina
178 599 227 645 sola
233 600 318 653 colant,
330 599 460 645 tibiaerviat
471 599 549 644 ulhma
560 598 641 653 Thale,
697 602 731 645 80

71 659 143 723 Teque
152 664 196 710 sibi
206 678 317 725 generum
327 662 416 724 Tethye
426 671 487 710 ernat
497 664 600 710 omnibus
611 663 691 720 undis3

70 726 230 778 Annenoeum
242 729 311 775 tardis
321 729 382 774 eidus
393 736 416 775 te
426 728 541 775 mensibus
552 729 625 780 addes,

73 789 119 845 Qut
128 793 192 839 locus
203 793 322 855 Erigonen
333 794 392 839 inter
404 791 531 854 Chelaeque
542 801 661 853 sequentes

71 851 189 905 Panditur:
209 860 258 920 ipse
268 859 307 905 tibi
314 860 362 921 Jam
373 859 462 905 brachia
473 860 585 904 contrahit
594 858 682 904 ardens*

72 920 178 984 Scorpios,
190 931 214 969 et
225 924 276 969 coeli
285 921 347 986 justi
357 922 407 985 plus
417 931 481 984 parte
489 923 577 984 reliquit
584 940 601 970 2v

72 984 183 1047 Quidquid
193 985 323 1052 erie‚'(nam
335 996 358 1034 te
368 1003 410 1034 nec
423 996 513 1049 sperent
523 987 619 1035 Tartara
629 1001 714 1051 regem,

71 1048 117 1097 Nec
127 1054 166 1099 tihi
178 1054 288 1114 regnandi
299 1054 375 1099 veniat
386 1062 432 1098 tam
444 1054 491 1099 dira
501 1053 580 1114 cupido
589 1070 597 1110 ;

71 1114 176 1169 Quamvis
185 1118 278 1177 Elysios
288 1119 381 1164 miretur
392 1118 484 1165 Graecia
493 1132 591 1179 campos,

71 1177 117 1228 Nec
124 1183 220 1244 repetita
232 1184 294 1243 ecqui
305 1190 369 1229 curet
381 1180 515 1243 Proserpina
526 1180 632 1242 matrem)

71 1242 107 1292 Da
115 1247 203 1293 facilem
216 1263 314 1302 cursum,
321 1256 393 1307 etque
404 1246 522 1293 audacibus
533 1262 607 1292 annue
617 1246 704 1308 creptis,

70 1305 206 1373 ignarosque
217 1313 261 1358 viae
272 1327 360 1359 mecum
372 1312 490 1357 miseratus
501 1319 607 1373 agrestes,
698 1314 729 1357 41

67 1370 198 1437 ingredere,
209 1385 233 1424 et
243 1378 303 1442 votiq
309 1378 358 1439 jam
369 1391 430 1421 nunc
441 1391 544 1422 assuesce
551 1377 634 1423 vocari.
716 1419 719 1424 .

98 1439 158 1488 Vere
169 1457 237 1497 noso,
248 1441 337 1503 gelidus
347 1441 410 1487 canis
420 1455 472 1486 cum
483 1441 596 1489 montibus
607 1443 688 1489 humor

71 1502 176 1567 Liquitur,
185 1515 209 1554 et
220 1507 326 1569 Zephyro
337 1507 407 1567 putris
418 1521 443 1551 se
452 1503 518 1567 gleba
529 1507 628 1563 resolvit,

55 1628 59 1635 x
71 1567 183 1633 Depreeso
193 1572 340 1635 incipiatjsm
351 1579 400 1616 tum
408 1571 462 1616 mihi
472 1583 550 1629 tannes
560 1581 634 1618 aratro

72 1631 195 1697 ingemere,
206 1644 230 1682 et
241 1635 304 1682 sulco
315 1636 405 1682 attritus
417 1635 571 1696 splendescere
580 1650 666 1683 vomer.

71 1696 110 1747 Illa
120 1717 187 1764 seges
198 1703 288 1748 demum
300 1702 359 1747 votis
370 1702 491 1762 respondet
501 1701 562 1747 everi

73 1765 191 1827 Agricolae,
202 1767 237 1812 bis
248 1782 299 1826 qnae
310 1766 387 1820 solem,
398 1766 432 1812 bis
442 1766 528 1827 frigora
539 1765 622 1820 sensit3

23 1852 25 1865 ·
71 1827 131 1877 Illius
139 1833 259 1878 immeneae
270 1839 377 1892 ruperunt
388 1832 468 1876 horrea
478 1844 571 1875 messes.

100 1894 132 1943 At
141 1897 211 1957 prius,
223 1897 326 1957 ignotum
337 1896 396 1943 ferro
408 1910 474 1955 quam
486 1893 608 1940 scindimus
618 1909 702 1954 aequor,

72 1956 156 2007 Ventos
166 1967 191 2007 et
201 1961 289 2007 verium
301 1961 352 2008 coeli
363 1961 497 2022 prsediecere
507 1974 593 2006 morem
699 1962 727 2007 51

69 2021 130 2073 Cura
140 2028 176 2080 sit,
188 2041 215 2072 ae
226 2026 309 2088 patrios
319 2026 438 2086 cultusque
448 2025 578 2085 habitusque
587 2025 704 2080 locorum3

23 2084 25 2137 i
70 2085 102 2135 Et
111 2091 164 2150 quid
174 2105 270 2152 quaeque
280 2090 338 2137 serat
347 2091 417 2152 regio,
429 2089 513 2150 etquid
524 2105 618 2151 quaeque
629 2095 724 2136 recuset.

23 2174 25 2209 q
72 2151 117 2200 Hic
128 2163 224 2218 segetes,
234 2155 280 2201 illic
291 2156 385 2202 veniunt
395 2154 483 2201 felicius
494 2170 561 2210 uvae3

23 2220 25 2275 ξ
71 2218 163 2266 Arborei
173 2219 234 2266 fetus
246 2220 303 2275 alibi,
314 2227 381 2279 atque
392 2220 476 2281 injussa
486 2219 600 2266 virescunt

23 2284 25 2325 l
72 2283 184 2332 Gramina.
218 2283 305 2331 Nonne
315 2285 384 2338 vides,
396 2294 525 2330 croceosut
535 2282 631 2329 Tmolus
641 2281 728 2332 odores,

23 2346 25 2405 i
72 2344 134 2396 india
144 2350 213 2395 mittit
223 2350 285 2402 ebur,
298 2349 377 2395 molles
389 2364 429 2395 sua
440 2349 506 2393 thura
517 2347 602 2401 Sabaei3

23 2422 25 2511 q
72 2413 104 2459 At
112 2411 225 2475 Chdybes
232 2415 287 2460 nudi
298 2412 388 2467 ferrum,
400 2413 519 2470 virosaque
531 2411 619 2456 Pontus

23 2514 25 2529 .
73 2474 184 2534 Castorea,
195 2479 305 2530 Eliadum
316 2478 402 2539 palmae
413 2476 498 2538 Epiros
508 2467 632 2534 equarum?

73 2539 185 2590 Continuo
196 2544 237 2591 hes
247 2545 312 2605 leges
324 2549 453 2601 aeternaqne
462 2539 550 2584 foedera
557 2533 626 2608 certis
706 2529 739 2571 60

73 2605 182 2671 Imposuit
193 2607 348 2663 saturniacis,
359 2622 405 2667 quo
416 2612 519 2664 tempore
529 2607 627 2660 pnmum

23 2564 25 2613 l

23 2720 25 2759 r

23 2786 29 2847 l
