1709 2925
102 98 148 146 16⁸
288 89 452 140 AENEIDOS
469 89 579 140 nutv,

101 223 229 273 Intrmtem
240 235 459 283 murossocemque
469 221 504 268 his
514 221 605 269 auribus
615 221 689 275 heum.
760 222 764 231 ’

102 290 191 339 Desine
201 302 281 348 meque
292 287 336 333 tuis
346 288 467 334 incendere
477 294 544 348 teque
554 287 651 347 querelis
657 305 666 346 ς
722 293 772 339 860

101 353 191 403 Itniism
201 366 248 400 non
258 358 339 414 sponte
348 366 438 413 sequor.
532 366 537 377 ¹

134 418 200 467 Telis
209 417 320 464 dicentem
326 417 460 479 jamdudum
471 429 551 463 eversu
560 421 644 472 tuetur,

102 483 159 533 Huc
169 482 222 529 illuc
232 481 327 529 volvens
338 482 422 537 oculos,
433 488 551 543 totumque
560 488 661 543 peremat

103 548 237 597 Luminibus
248 547 329 601 tscitis,
340 554 364 594 et
374 547 407 594 sic
416 561 511 593 accensu
521 545 635 609 profatur:

102 612 205 661 Necubi
216 610 279 660 Diva
287 627 374 674 pareus,
386 610 476 673 generis
486 627 528 658 nec
539 610 662 659 Dardanus
672 619 764 673 suctus,

103 676 193 727 Perfice
201 694 208 736 ;
217 677 264 725 'sed
274 677 335 723 duris
344 677 424 740 genuit
435 683 458 722 te
468 675 568 723 cautibus
578 677 673 724 horrens

103 741 226 797 Caucasus,
238 741 404 803 Hyrcanaeque
411 739 530 788 admdruut
541 742 609 787 ubers
618 742 698 804 tigres.

103 807 166 856 Nem
182 808 236 870 quid
251 806 385 917 dipsimuloi
403 813 443 854 aut
459 821 511 867 quse
528 820 566 852 me
584 805 613 853 nd
630 808 718 870 mujms
732 823 770 858 re·

200 887 266 920 serso

103 938 168 986 Num
179 937 234 985 fletu
244 936 355 998 ingemuit
366 933 462 982 nostro?
478 950 532 982 nuru
543 936 629 983 lumine
638 935 722 984 flexit?

103 1002 169 1051 Num
179 1004 289 1063 lacrymer
303 1001 376 1048 victus
390 1001 458 1057 dedit,
469 1008 508 1048 sut
522 1001 640 1048 miseratus
655 1010 771 1052 amantem

201 1065 254 1114 esti
721 1074 774 1117 370

105 1131 167 1189 Quae
188 1132 267 1245 qpibus
286 1129 426 1179 anteferam?
458 1130 518 1186 Jm,
532 1132 589 1193 jum,
608 1146 651 1179 nec
673 1135 775 1186 maxims

219 1211 270 1252 Μῦν

106 1262 158 1310 Nee
169 1262 288 1309 Saturnius
297 1262 347 1309 haec
357 1261 428 1308 oculis
439 1259 509 1308 Pater
518 1261 611 1325 adspicit
621 1263 700 1323 aequis.

106 1327 226 1388 Nusquam
237 1334 287 1374 tutu
295 1326 359 1373 fides.
390 1325 495 1389 Ejectum
506 1327 579 1382 litore,
590 1335 697 1388 egentem

107 1391 202 1452 Excepi,
214 1397 237 1437 et
248 1391 312 1453 regni
323 1391 415 1438 demens
425 1392 450 1438 iu
460 1399 524 1453 perte
533 1391 620 1449 locavi3

107 1457 223 1505 Amissum
234 1455 335 1512 classem,
347 1456 427 1511 socios,
440 1464 537 1504 ammte
547 1456 633 1504 reduxi.

108 1522 164 1570 Heu
175 1520 180 1569 i
192 1520 256 1569 furiis
266 1522 359 1568 incensu
368 1520 442 1570 seror!
460 1538 521 1569 nunc
532 1537 605 1584 augur
615 1521 711 1584 Apollo,

107 1587 179 1636 Nunc
190 1585 270 1647 Lyciae
281 1594 359 1642 sortes,
370 1601 431 1633 nunc
442 1593 465 1633 et
475 1587 536 1635 Jove
546 1589 627 1634 missus
638 1589 666 1634 sb
676 1590 727 1652 ipso

108 1651 224 1715 Interpres
231 1650 319 1699 Divum
330 1650 374 1698 fert
384 1652 474 1699 horride
480 1654 545 1715 jussa
554 1667 595 1714 per
605 1666 677 1700 surus.

110 1715 201 1767 Scilicet
211 1718 230 1764 is
242 1717 334 1779 Superis
343 1716 406 1763 luber
416 1725 452 1764 est
461 1716 467 1766 Ξ
485 1732 512 1763 es
522 1732 577 1765 cure
586 1717 675 1777 quietos
726 1722 776 1770 879

110 1782 234 1832 Sollicitat!
262 1781 343 1843 Neque
353 1788 377 1828 te
387 1788 461 1837 teneo,
473 1796 547 1842 neque
557 1782 616 1829 dictu
626 1781 714 1831 refello.

110 1846 131 1904 l,
143 1864 236 1908 sequere
247 1845 336 1895 liutem
346 1847 435 1904 ventis3
451 1855 504 1908 pete
514 1862 585 1909 regns
595 1861 635 1909 per
645 1848 726 1896 undes-

110 1912 183 1975 Sperc
193 1913 296 1974 equidem
306 1912 391 1966 medus,
403 1926 422 1958 s1
432 1912 485 1972 quid
496 1927 533 1973 pm
542 1912 635 1959 numius
644 1922 750 1972 possunt,

111 1977 225 2040 Supplicia
235 1979 356 2024 hausurum
367 1976 471 2038 scopulis,
482 1984 506 2024 et
516 1977 608 2024 nomine
615 1975 681 2025 Dido

111 2043 179 2103 Saepe
189 2049 330 2089 vocaturum.
356 2042 443 2103 Sequar
452 2042 506 2088 stris
516 2042 606 2104 ignibus
617 2042 714 2101 sboens3

110 2106 150 2162 Et,
162 2120 214 2153 cum
223 2105 306 2169 frigide
317 2106 384 2155 Mors
394 2105 470 2153 enimi
480 2106 594 2155 seduxerit
604 2113 673 2162 ustus,
759 2125 760 2128 ¹

111 2170 224 2219 Omnibus
233 2171 457 2219 umbrelocisndero.
482 2171 563 2226 Dabis,
571 2172 679 2235 improbe,
690 2187 778 2235 poenss.

111 2234 225 2293 Audism;
242 2243 265 2282 et
275 2236 325 2283 hec
336 2236 420 2300 Manes
431 2236 506 2284 veniet
516 2237 571 2283 mihi
581 2236 642 2284 inme
652 2237 772 2288 subimus.

144 2299 191 2348 His
202 2299 300 2348 medium
311 2300 377 2348 dictis
387 2316 515 2349 sermonem
525 2302 642 2364 abrumpit,
653 2309 678 2349 et
687 2317 755 2353 suras

111 2365 186 2428 AEgrs
195 2364 261 2428 fugit,
273 2379 341 2427 seque
352 2380 381 2413 ex
391 2367 463 2414 cenis
474 2367 556 2415 evertit
565 2373 589 2414 et
599 2366 687 2424 eufert3

112 2430 230 2492 linquens
244 2429 316 2477 mults
330 2437 393 2478 metu
408 2438 559 2487 cunctantem,
575 2438 599 2479 et
614 2431 686 2479 multe
699 2429 782 2494 persn-

209 2502 256 2542 tem
732 2502 782 2548 890

114 2557 207 2606 Dicere.
236 2559 367 2622 Suscipiunt
376 2559 477 2614 ismulae,
488 2560 630 2622 cossnpseque
640 2561 743 2608 membre

115 2621 248 2675 memores
260 2623 359 2675 referunt
370 2624 476 2682 numo,
487 2626 607 2689 stratisque
618 2632 753 2690 reponunt..
