1709 2925
125 129 178 173 800
321 121 487 173 AENEIDOS
502 121 604 178 max

127 252 175 301 Tot
184 252 238 301 lecti
247 267 352 314 proceres
363 259 398 301 ter
407 252 473 301 denis
482 253 577 300 navibus
586 253 651 301 ibent

127 319 232 366 Subsidio
242 316 326 380 Trone,
337 324 362 364 et
372 332 463 379 campos
473 318 526 364 salis
537 332 583 365 aere
593 319 711 368 secabant.

159 383 255 444 Jamque
266 383 314 428 dies
324 382 383 429 coelo
394 389 543 436 concessemt,
554 383 658 444 almaque
668 399 744 433 curra

126 447 258 510 Noctivsgo
269 446 356 495 Plroebe
366 447 464 494 medium
475 447 576 509 pulsabat
587 447 733 510 Olympum:

127 513 215 560 AEness
227 513 312 576 (neque
322 512 382 559 enim
393 513 500 559 menbris
510 512 548 559 dat
558 527 613 559 cura
622 513 740 574 quietem)

128 575 182 639 Ipse
192 578 273 624 sedens
284 578 418 638 clavumque
428 578 496 638 regit,
507 577 609 638 velisque
619 579 746 627 miru'strat.

127 643 206 704 Atque
215 642 247 689 illi
259 642 333 689 medio
344 643 368 689 in
379 643 452 702 spatio
463 643 552 697 chorus,
563 657 623 696 ecce,
635 658 733 691 suarum

128 706 234 755 Occurrit
241 709 362 756 comitumr
379 706 502 769 Nymphae,
509 721 566 767 ques
573 707 634 754 alma
642 706 743 768 Cybele
753 710 801 756 220

127 770 223 831 Numen
233 774 314 823 habere
324 772 399 828 mens,
410 770 576 834 Nymphasque
585 787 601 819 e
611 773 709 820 navibus
719 789 777 830 esse,
798 784 800 791 ·

47 862 51 873 ‹
128 835 239 895 Jusserat,
248 837 358 885 'innabant
368 837 457 900 puriter,
468 837 597 897 flucnrsque
607 838 726 896 miens,

130 902 196 961 Quot
203 905 265 966 prius
277 910 353 950 aeratoe
363 909 472 950 steterant
482 901 510 948 sd
521 901 588 949 litora
596 917 686 964 prosse:

129 968 267 1031 Agnoscunt
277 968 346 1030 longe
356 982 441 1030 regem,
451 967 591 1028 lustrantque
602 968 708 1016 choreis:
796 969 802 979 ¹

131 1033 233 1087 Quarum
244 1047 296 1093 quae
306 1032 366 1079 fandi
378 1032 514 1087 doctissima,
528 1030 682 1092 Cymodocea,

130 1096 196 1145 Pone
205 1112 311 1159 sequens,
320 1095 399 1144 dextri
409 1098 501 1160 puppim
513 1103 580 1151 tenet,
592 1097 687 1157 ipseque
698 1098 768 1146 dorso

130 1161 230 1218 Eminet,
242 1177 268 1209 ac
278 1160 338 1208 laevt
348 1163 421 1209 tacitis
432 1163 570 1222 subremigat
580 1161 654 1209 undis·

130 1225 190 1274 Tum
202 1228 234 1274 sic
245 1227 349 1289 ignarum
358 1227 491 1287 alloquitur:
511 1225 636 1288 Vigilnsne,
644 1225 727 1274 Derim
735 1243 800 1290 gens,

130 1291 224 1339 AEnea?
241 1293 317 1354 vigila,
329 1290 353 1340 e't
363 1292 419 1339 velis
429 1292 526 1338 immitte
537 1293 650 1339 rudentes.

131 1355 183 1404 Nos
195 1372 271 1404 sumus
283 1356 353 1405 Idaeae
364 1372 427 1407 sacro
439 1356 467 1403 de
476 1357 562 1404 vertice
573 1358 646 1419 pinus,
754 1361 801 1404 230

130 1420 200 1471 Nunc
212 1423 286 1484 palagi
297 1421 420 1485 Nymphon
432 1422 510 1470 classis
520 1430 568 1470 tua.
594 1420 700 1470 Perfidus
710 1429 739 1470 ut
748 1438 789 1471 nos

131 1487 264 1549 Praeeipites
273 1487 334 1534 ferro
345 1488 447 1535 Rutulus
457 1486 591 1549 flameue
601 1490 725 1549 premebat,

131 1553 243 1615 Rupimus
254 1552 333 1599 invitae
345 1559 383 1600 tua
393 1553 491 1607 vincula,
502 1560 569 1614 teque
579 1568 619 1615 per
631 1568 710 1614 aequor

132 1618 270 1673 Quaerimus
298 1616 368 1665 Hanc
380 1618 487 1665 Genitrix
496 1617 576 1664 saciem
587 1618 789 1672 misemarefecis

130 1682 165 1733 Et
176 1683 236 1730 dedit
247 1698 297 1732 esse
308 1682 380 1737 Deos,
392 1698 512 1743 aevumque
522 1683 608 1744 agitare
618 1684 661 1730 sub
671 1684 748 1731 undis.
787 1709 789 1714 ·

51 1801 58 1806 ,
132 1750 166 1797 At
177 1763 232 1811 puer
244 1749 357 1796 Ascanius
367 1763 433 1795 muro
442 1746 553 1809 fossisque
564 1754 661 1801 tenetur,

131 1813 190 1869 Tela
201 1815 258 1861 inter
269 1814 343 1861 media
353 1821 418 1874 atque
428 1814 547 1859 horrentes
560 1812 638 1860 Marte
649 1811 755 1860 latinos.

132 1879 185 1928 Jam
196 1880 247 1927 loca
252 1881 318 1941 jussa
329 1885 407 1926 tenent
417 1877 470 1925 forti
480 1878 605 1940 permixtus
615 1876 720 1925 Etrusco

131 1944 205 1991 Arcas
217 1960 293 2005 eques.
326 1944 415 1991 Medias
425 1943 470 1990 illis
481 1958 594 2006 opponere
604 1950 711 1999 tunnas,-

131 2005 171 2055 Ne
182 2011 261 2056 castris
267 2003 373 2072 jungant,
386 2014 447 2055 certa
457 2015 493 2055 est
503 2009 615 2055 sententia
624 2006 716 2056 Turno.
755 2008 802 2053 240

132 2073 207 2135 Surge
217 2088 268 2135 age,
280 2083 304 2122 et
314 2072 405 2121 Aurorri
416 2073 491 2120 socios
501 2073 606 2121 veniente
616 2073 695 2120 vocari
751 2106 754 2112 ¹

132 2136 254 2189 Primusin
262 2154 324 2185 nrma
326 2140 390 2201 jube,
398 2147 422 2187 et
429 2138 534 2201 clypeum
542 2154 602 2201 cape,
609 2153 678 2199 quem
683 2137 750 2185 dedit
757 2137 802 2200 lptt

131 2200 247 2249 Invictum
259 2201 400 2264 Ignipotens,
411 2211 478 2265 atque
489 2219 540 2252 oras
550 2204 627 2251 ambiit
636 2218 703 2250 auro.

133 2265 240 2315 Crastina
251 2267 298 2322 lux,
309 2283 359 2315 mea
371 2270 390 2315 si
401 2284 448 2316 non
459 2270 522 2316 irrita
532 2270 591 2316 dicta
601 2265 694 2331 potiris,

132 2330 244 2393 Ingentes
255 2330 350 2380 Rutulae
361 2335 469 2394 spectabit
479 2335 548 2381 coedis
557 2348 659 2380 anemos.

133 2395 246 2443 Dixerat:
265 2404 289 2442 et
299 2396 378 2443 dextri
388 2398 505 2444 discedens
515 2399 604 2460 impulit
613 2398 689 2452 altam

133 2459 204 2505 Haud
215 2461 294 2522 ignara
304 2461 371 2516 modi,
383 2463 482 2523 puppim.
515 2461 586 2523 Fugit
597 2462 635 2508 illa
644 2477 687 2523 per
697 2462 779 2516 undas,

133 2522 212 2582 Ocyor
223 2533 246 2570 et
252 2525 328 2587 Jaculo
339 2532 362 2570 et
373 2535 455 2572 ventos
465 2535 572 2586 aequante
580 2524 670 2588 sngittri.

134 2583 192 2631 Inde
204 2588 253 2634 aliae
264 2589 362 2634 celerant
372 2603 460 2635 cursus.
492 2591 573 2651 Stupet
584 2591 668 2637 inscius
679 2591 730 2651 ipse
755 2623 762 2634 .

133 2646 194 2695 Tros
205 2649 370 2711 Anchisiaden
387 2653 476 2706 suimus
486 2661 562 2724 tomen
574 2655 650 2704 omine
660 2654 730 2702 tollit.
758 2654 805 2704 250
