1709 2925
39 129 45 152 ι
126 77 181 161 ιε’
320 108 506 159 oaoncrcs.
523 109 576 182 ns
588 109 609 160 1.
635 115 639 122 ·

127 242 213 289 Navita
223 249 271 289 turn
283 241 354 288 stellis
364 257 470 288 numeros
481 248 504 288 et
515 243 606 289 nonina
615 242 676 299 lecit,

128 306 238 360 Pleiadas,
250 305 351 367 Hyadas,
360 307 486 366 claramque
496 306 614 367 Lycaonis
621 308 719 357 Arcton.

127 371 187 419 Tum
199 372 285 431 laqueis
294 379 381 432 captare
391 370 456 422 feras,
468 379 491 417 et
500 371 581 419 fallere
587 373 656 428 visco,
752 381 810 429 139

127 435 256 489 Inventus,
268 444 292 482 et
302 451 397 497 magnos
408 437 499 482 canibus
510 438 646 483 circumdare
657 440 742 489 saltus.

127 501 205 562 Atque
215 500 271 547 alios
281 500 350 548 htunr
362 501 432 547 luridi
438 503 486 563 jam
498 502 600 548 verberat
610 517 720 562 amnem3

128 566 184 614 Alta
194 573 272 627 petens
282 567 407 628 pelagoque
416 566 473 611 alius
484 566 551 612 trahit
562 567 652 613 humida
662 567 719 617 linas

127 630 191 678 Turn
200 630 280 676 ferri
264 646 331 692 rigor,
342 639 409 691 atque
420 639 507 693 argutae
517 630 599 677 lamina
610 647 680 679 serrae

128 695 203 807 &lpum
214 697 279 756 primi
290 696 367 742 cuneis
378 696 507 742 scindebant
518 694 586 742 fissile
591 695 705 773 lignum),

167 776 189 806 rn
201 761 270 808 variae
280 776 363 808 venere
373 768 444 807 artes·
464 759 525 806 labor
536 762 610 807 omnia
621 762 676 808 vicit

127 823 253 888 Improbus,
265 833 288 872 et
299 825 359 872 duris
367 840 451 887 urgens
461 826 485 871 in
496 826 561 871 rebus
571 833 668 887 egestas

128 890 206 938 Prima
218 879 288 939 C'eres
297 890 357 937 ferro
368 890 474 936 mortales
484 899 572 937 vertere
582 897 665 937 terram

128 953 246 1011 Instituit;
264 969 315 1001 curn
323 956 371 1017 jam
382 955 476 1015 glandes
487 964 553 1014 atque
565 956 642 1002 arbuta
653 971 733 1006 sacrae

129 990 261 1067 Deficereirt
272 1020 341 1073 sllvoe,
353 1027 377 1065 et
387 1020 472 1065 victum
484 1019 584 1066 Dodona
593 1028 693 1082 negaret.

127 1084 189 1134 Mox
200 1092 223 1131 et
232 1084 350 1130 frumentis
360 1084 422 1130 labor
433 1083 534 1140 additus;
552 1091 577 1130 ut
587 1086 646 1131 mala
657 1086 754 1136 culmos

128 1149 199 1199 Esset
210 1151 295 1211 robigo,
308 1149 428 1211 segnisque
438 1150 538 1195 horreret
548 1149 571 1195 in
583 1151 643 1196 arvis
752 1159 804 1204 151

128 1214 246 1264 carduus:
265 1215 378 1260 intereunt
385 1221 490 1275 segetem
507 1215 566 1259 subit
575 1229 653 1275 aspera
663 1215 730 1273 silva,

127 1280 256 1343 Lappaeque
267 1279 399 1340 tribulique3
416 1279 519 1339 interque
529 1279 622 1325 nitentia
633 1280 696 1327 culta

127 1343 210 1392 Infelix
221 1345 299 1390 lolium
310 1352 333 1390 et
343 1344 430 1390 steriles
440 1344 584 1389 dominantur
593 1358 678 1391 avenoe.

128 1409 251 1465 Quod-*nisi
261 1416 284 1455 et
294 1408 388 1455 assiduis
399 1420 480 1454 terram
491 1408 628 1455 insectabere
638 1410 724 1468 rastris,

129 1475 163 1524 Et
174 1475 247 1522 sonitu
259 1475 351 1520 terrebis
362 1489 421 1529 aves,
434 1482 457 1520 et
468 1475 524 1520 ruris
535 1475 599 1536 opaci

128 1539 198 1588 Falce
208 1553 296 1601 promea
306 1540 401 1593 umbras,
412 1539 517 1599 votisque
526 1540 643 1586 vocaveris
651 1539 759 1597 imbrem.

127 1602 197 1652 Heu!
216 1617 323 1665 magnum
334 1602 425 1650 alterius
435 1603 518 1650 frustra
527 1605 637 1665 spectabis
645 1620 764 1665 acervum,

128 1666 290 1730 concussitque
299 1668 380 1715 lamern
390 1669 414 1715 in
426 1668 490 1714 silvis
500 1669 599 1715 solabere
609 1685 698 1730 quercu.

161 1732 290 1785 Dicendum
301 1742 329 1788 et,
342 1749 393 1794 quae
404 1734 449 1779 sint
460 1734 520 1780 duris
528 1735 653 1796 agrestibus
663 1749 733 1791 arma,
750 1741 809 1788 160

129 1798 202 1853 Queis
213 1800 261 1846 sine
272 1814 314 1845 nec
323 1796 416 1860 potuere
427 1799 477 1853 seri,
489 1814 531 1845 nec
541 1813 640 1861 surgere,
652 1814 752 1849 messes:

128 1863 217 1918 Vomis,
228 1873 252 1911 et
262 1862 338 1910 inflexi
349 1865 445 1925 primurn
456 1878 527 1926 grave
538 1864 605 1911 robur
614 1864 688 1918 ιιηῐιὶ.

127 1927 247 1989 Tardaque
258 1928 374 1975 Eleusinae
384 1929 463 1974 matris
473 1928 588 1975 volventia
597 1929 703 1989 plaustra,

127 1993 271 2053 Tribulaque,
282 1995 415 2054 trabeaque,
427 2001 451 2038 et
462 1993 537 2054 iniquo
548 1993 647 2055 pondere
657 1993 740 2055 rastri3

127 2057 218 2117 Virgea
228 2063 335 2118 praeterea
346 2056 409 2105 Celei
420 2058 515 2119 vilisque.
526 2058 639 2119 supellex,

128 2122 237 2171 Arbuteae
248 2129 327 2177 crates,
338 2130 361 2167 et
372 2122 467 2183 mystica
478 2137 569 2169 vannus
577 2120 668 2169 Iacchi·

129 2186 214 2237 Omnia
224 2200 276 2245 quae
286 2186 357 2233 multo
368 2194 421 2232 ante
431 2201 518 2233 mernor
529 2187 619 2248 provisa
629 2200 733 2250 repones,

128 2253 154 2303 Si
166 2258 189 2297 te
201 2251 270 2312 digua
280 2259 356 2297 manet
366 2251 435 2298 diuini
433 2251 519 2330 glpria
529 2252 594 2298 ruris.

129 2315 261 2365 Continuo'
255 2330 279 2361 ιιι
290 2315 355 2362 silvis
363 2312 445 2376 magni
456 2331 478 2360 vr
472 2315 549 2363 'flexa
559 2317 663 2363 domatur

129 2379 158 2429 In
169 2380 248 2433 burim,
260 2387 283 2425 ct
294 2394 358 2427 curri
350 2379 462 2426 formam
473 2382 553 2442 accipit
564 2381 639 2428 ulmus
649 2382 729 2430 aratri.

130 2445 194 2493 Huic
205 2459 218 2490 a
229 2444 297 2505 stirpe
307 2444 375 2505 pedes
385 2452 448 2490 temo
458 2448 591 2505 protentus
584 2462 608 2494 tn
620 2455 687 2504 octo;
748 2453 800 2500 171

128 2509 196 2558 Binae
207 2523 278 2561 aures,
289 2507 371 2570 duplici
381 2516 486 2586 aptantur
496 2509 592 2559 dentalia
602 2512 677 2559 dorso

130 2573 232 2624 Caeditur
243 2582 266 2620 et
276 2573 325 2619 tilla
335 2575 452 2636 antejago
462 2574 525 2630 levis,
536 2560 627 2638 altaque
635 2576 709 2639 sagus,

130 2628 245 2701 Stivaque',
253 2654 305 2702 quse
315 2651 418 2690 canusa
428 2647 494 2704 tergo
504 2643 625 2704 torqom'
619 2657 696 2702 πασῃ
