1709 2925
234 146 400 200 AENEIDOS
415 146 548 200 melr.
676 155 726 200 868

42 282 209 344 Exsultstque
219 280 285 339 solo;
301 283 376 339 siivas,
387 287 496 338 armentu,
506 278 618 343 virosque,

44 347 182 397 Involvens
194 362 270 394 secum
280 365 286 394 t
305 347 398 411 diq'ecta
408 363 449 409 per
459 348 552 409 agmine
561 345 655 395 Turnus

45 415 92 464 sie
104 414 168 460 urbis
179 414 224 459 ruit
234 413 262 460 td
272 428 356 468 muros,
368 413 405 459 ubi
415 413 513 474 plurima
521 412 573 460 fuso
675 414 728 460 690

47 479 175 541 Sanguine
184 485 244 525 terra
254 478 335 533 madet,
347 478 489 538 striduntque
499 478 614 525 bustffibus
624 492 703 535 turm

49 542 222 606 significatque
232 557 307 598 msnu,
316 549 343 590 et
352 557 439 604 magno
450 542 517 588 simui
527 543 606 605 incipit
616 558 669 590 ore:

48 607 149 657 Parcite
155 609 212 670 jam,
223 606 319 666 Rutuli3
337 615 361 654 ot
371 622 414 654 vos
424 607 471 654 tels
481 606 586 662 inhibete,
597 606 691 665 Latini3
722 646 725 649 .

48 674 216 734 Quaecumque
226 681 261 719 est
270 672 368 727 fortuna,
379 686 431 719 meo
440 679 492 728 est3
508 686 547 718 me
556 673 633 720 verius
643 686 717 720 unum

49 738 103 787 Pro
114 739 180 786 vobis
188 736 265 784 doedus
275 736 344 791 luere,
355 745 379 783 et
389 737 511 783 decernere
520 735 588 783 ferro.

47 801 192 852 Discessise
199 816 281 849 omnes
291 801 366 856 medii,
377 802 519 863 spatiumque
526 799 619 849 dedere.

87 869 126 915 At
133 875 199 930 puter
209 867 303 922 AEnees,
315 866 391 913 audito
401 867 494 913 nomine
504 864 585 921 Turni,

49 933 152 983 Deserit
162 940 186 980 et
196 946 279 988 muros,
291 938 315 978 et
325 946 425 979 summus
437 931 519 978 deserit
529 946 608 988 πως

50 998 232 1060 Praecipitutque
241 1011 317 1043 morus
326 1011 414 1051 omnes,
425 1012 493 1059 opem
503 997 580 1045 omniu
589 995 679 1058 rumpit,

49 1060 151 1112 Laetitit
160 1062 282 1119 exsultans,
291 1062 475 1123 horrendumque
484 1063 574 1109 intonat
583 1062 665 1109 ermirr
676 1062 725 1109 700

52 1128 165 1184 Quantus
176 1127 257 1182 Athos,
269 1134 308 1174 uut
318 1134 414 1188 quantus
425 1126 499 1188 Eryx,
510 1135 550 1174 tut
559 1128 614 1190 ipse,
626 1127 727 1177 coruscis

53 1192 120 1242 Cum
130 1191 207 1239 tremit
217 1192 309 1248 ilicibus,
321 1202 425 1254 quantus,
436 1192 565 1254 gaudetque
574 1192 644 1239 nivali

52 1257 153 1306 vntioe
163 1272 188 1304 se
198 1257 303 1305 attollens
313 1265 377 1319 peter
386 1257 521 1319 Apenninus
530 1257 560 1303 ed
570 1271 643 1304 auru.

53 1321 111 1373 Jam
123 1338 177 1370 vero
187 1330 212 1369 et
222 1321 303 1369 Rutuli
314 1323 423 1377 certatim,
435 1329 459 1369 et
469 1321 549 1377 Trois,
561 1328 585 1368 et
595 1335 676 1370 omnes

55 1385 201 1438 Convertire
211 1388 289 1434 oculos
297 1385 359 1443 Itali,
371 1388 454 1449 quique
464 1387 509 1434 altu
519 1387 626 1434 tenebunt
663 1414 664 1417 =

54 1452 155 1509 Moeniu,
166 1453 249 1515 quique
259 1453 317 1500 imos
326 1453 445 1516 pulsabunt
454 1453 525 1501 ariete
534 1468 627 1510 muron
719 1492 723 1496 .

54 1519 175 1580 Antraque
185 1516 309 1581 deposuere
318 1519 427 1566 humeris.
458 1520 540 1582 Stupet
547 1520 598 1581 ipse
609 1517 713 1575 Latinus,

54 1582 175 1647 Ingentes,
186 1585 277 1646 genitos
288 1584 382 1632 diversis
388 1585 491 1646 pertibus
501 1585 568 1639 orbis,

54 1647 124 1696 Inter
134 1664 160 1696 se
170 1649 250 1696 coiisse
259 1649 329 1706 viros,
339 1657 363 1696 et
373 1664 465 1697 cernere
473 1649 541 1697 ferro.

54 1715 137 1776 Atque
147 1714 187 1771 illi,
198 1721 224 1761 ut
234 1729 306 1761 vacuo
316 1721 438 1778 patuerunt
448 1729 539 1776 aequore
549 1714 629 1778 campi,
675 1713 725 1761 710

55 1778 173 1827 Procumu
184 1780 266 1842 tepido,
278 1779 386 1844 conchtis
395 1781 484 1828 eminus
495 1780 573 1835 bustis,

54 1843 173 1900 Invadunt
183 1843 285 1892 Martem
295 1846 381 1908 clypeis
390 1853 458 1907 utque
468 1860 515 1892 aere
524 1859 615 1893 sonoro.

55 1909 109 1958 Dat
118 1910 231 1973 gemitum
241 1910 323 1958 tellure
337 1918 390 1957 turn
402 1911 492 1958 crebroe
503 1910 593 1957 ensibus
602 1909 672 1956 ictus.

56 1972 238 2037 congeminant
270 1974 329 2023 Fore
339 1982 363 2022 et
373 1976 445 2022 virtus
455 1976 582 2022 miscentur
589 1975 613 2021 in
624 1986 704 2022 unum.

55 2041 96 2087 Ac
106 2040 170 2088 velut
180 2040 267 2103 ingenti
280 2038 333 2095 Sili,
345 2054 464 2087 summove
474 2038 589 2095 Taburno,

47 2102 119 2162 ¹Cum
131 2105 176 2152 duo
186 2107 301 2152 conversis
311 2105 402 2152 inimica
411 2105 436 2152 in
447 2105 527 2166 proeiia
537 2105 596 2151 teuri

55 2169 182 2219 Frontibus
191 2171 315 2224 incurrunt,
326 2170 401 2231 puvidi
411 2167 500 2217 cessim
510 2170 629 2232 magistri3

57 2236 111 2284 snt
121 2250 191 2299 pecus
202 2250 270 2282 omne
280 2242 342 2281 metu
353 2241 449 2291 mutum,
459 2242 606 2296 mussantque
612 2237 727 2298 Juvencae,

57 2300 120 2355 Quis
130 2301 218 2347 nemori
228 2300 348 2362 imperitet,
354 2315 422 2362 quem
428 2307 477 2348 tota
482 2309 585 2348 armentu
591 2306 727 2363 sequentum

55 2364 97 2412 lili
108 2365 168 2412 inter
179 2380 229 2412 sese
239 2363 345 2412 multdvi
356 2365 450 2413 vulnere
459 2366 563 2423 miscent,
678 2365 728 2412 720

56 2427 197 2491 Cornuaque
208 2430 285 2478 obnixi
293 2428 398 2492 infigunt,
409 2437 434 2478 et
444 2432 556 2494 sunguine
565 2431 630 2492 largo

58 2492 255 2557 notissimosque
263 2496 354 2554 lavant3
366 2496 454 2558 gemitu
460 2491 724 2555 nemusomneeemugitr

58 2556 131 2607 Haud
141 2560 207 2607 ulitur
217 2559 278 2608 Tros
288 2560 376 2608 AEneue
387 2567 412 2607 ct
421 2559 529 2612 Daunus
539 2561 606 2607 heros

58 2622 208 2675 Concurrunt
218 2625 310 2690 clypeis.
343 2623 432 2690 Ingens
441 2625 520 2690 fragor
529 2626 615 2685 cethem
621 2620 729 2685 conplet
