1709 2925
286 82 451 133 AENEIDOS
467 83 520 136 Ln.
531 85 563 136 V.
715 100 762 147 179

44 213 146 261 Tum
164 213 214 274 pius
225 213 328 261 AEnecs:
347 214 462 276 Equidem
473 217 506 264 sic
516 233 609 281 poscere
618 228 701 272 ventos

49 279 75 327 J
76 279 238 334 amdudum‚
250 286 273 325 ei
283 278 367 327 frustra
377 296 446 328 cerno
457 289 481 329 te
491 284 584 333 tendere
594 296 680 337 contre.

50 344 172 392 Flecte
182 344 243 391 viam
254 345 321 392 velis.
349 345 388 392 An
400 347 429 393 sit
440 349 494 395 mibi
504 351 591 411 gratior
602 352 653 411 ulis,

57 410 177 464 Quove
186 410 261 472 magis
271 409 342 457 fessas
353 418 429 472 optem
438 413 556 462 demittere
565 431 643 474 noves,

59 475 169 530 Quam
181 490 232 535 quae
244 473 385 523 Dardanium
397 477 464 524 tellus
473 479 527 525 mihi
538 489 613 530 servet
623 485 731 544 Acesten,

59 539 112 587 Et
128 541 205 601 petris
216 540 326 588 Anchisae
336 541 423 604 gremio
435 545 592 606 complectitur
602 550 671 598 osse?
728 552 758 601 81

63 603 152 652 Haec
164 606 201 652 ubi
213 605 278 659 dicto,
289 613 369 668 petunt
379 613 466 669 portus,
477 615 501 656 et
511 611 562 658 vele
572 615 664 663 secundi

66 668 217 717 Intendunt
228 670 327 732 Zephyri
333 688 342 729 ;
358 670 430 720 fertur
440 674 486 720 cite
495 677 588 738 gurgite
596 678 690 744 clnssis3

68 734 121 784 Et
135 737 228 782 tandem
238 736 286 785 laeti
296 745 358 785 notre
368 738 517 786 advertuntur
527 756 609 789 mene.

123 801 158 847 At
168 801 249 862 procul
259 803 350 849 excelso
360 805 455 851 miratus
465 806 551 852 vertice
561 809 645 856 montis

72 865 224 914 Adventum
234 870 350 929 sociusque
360 875 426 924 rates,
437 872 536 917 occurrit
545 871 649 930 Acestes,

76 930 213 985 Horridus,
225 932 338 995 inJaculis
349 942 373 980 et
381 934 441 996 pelle
451 933 577 997 Libystidis
587 953 664 997 ursae3

76 995 160 1044 Trois
171 995 274 1045 Crimiso
284 1006 417 1061 conceptum
429 998 523 1048 flumine
532 1010 605 1051 meter

80 1061 165 1115 Quem
175 1063 266 1124 genuit.
282 1062 394 1110 Veterum
405 1079 452 1110 non
460 1065 578 1114 immemor
585 1069 623 1117 ille
633 1069 758 1134 perentitur,

82 1127 200 1174 Grotatur
212 1128 312 1183 reduces,
323 1136 347 1175 et
357 1127 417 1191 gazi
427 1129 494 1177 laetus
505 1135 588 1194 agresti
726 1140 761 1184 40

81 1190 188 1255 Excipit,
201 1207 229 1239 sc
238 1191 311 1240 fessos
322 1194 400 1256 opibus
411 1195 497 1241 solatur
506 1197 591 1246 amicis.

84 1256 185 1305 Postera
196 1272 249 1304 cnm
260 1260 333 1320 primo
344 1259 420 1305 stellas
432 1259 526 1308 Oriente
535 1261 627 1324 fugitat

87 1321 156 1371 Clare
167 1323 224 1375 dies,
236 1324 309 1371 socios
320 1325 344 1370 iu
355 1331 441 1370 coetum
451 1325 517 1372 litore
528 1328 555 1374 eb
563 1328 625 1375 omni

88 1388 195 1435 Advocat
206 1387 302 1444 AEness,
313 1389 439 1450 tumulique
449 1405 479 1437 ex
489 1406 574 1455 aggere
583 1393 659 1441 satur:
703 1450 706 1457 ,

118 1453 263 1502 Dardanide
273 1457 357 1516 magni,
371 1471 444 1517 genus
454 1456 500 1503 alto
511 1474 525 1505 c
535 1460 647 1521 sanguine
659 1458 758 1519 Diviirm

87 1519 187 1567 Annuus
198 1520 285 1566 exactis
296 1520 421 1581 completur
432 1524 546 1571 mensibus
557 1525 624 1583 orbis,

86 1585 125 1633 Ex
134 1601 183 1647 quo
195 1585 309 1646 relliquias
319 1585 434 1646 divinique
444 1602 495 1634 osso
505 1590 604 1650 parentis

87 1649 240 1700 Condidimus
250 1648 318 1706 terri,
329 1658 467 1712 moeetosque
478 1655 614 1703 sacravimus
624 1670 682 1704 eres

86 1716 186 1777 Jamque
198 1715 253 1771 dies,
264 1716 288 1762 ni
298 1715 452 1772 foilor‚.sdest,
460 1722 527 1779 quem
538 1734 627 1782 semper
638 1720 749 1777 acerbum,

87 1781 183 1843 Semper
194 1781 329 1828 honoratum
342 1782 392 1844 (sic,
404 1780 447 1836 Di,
458 1782 573 1844 voluistis)
582 1785 674 1833 habebo.
726 1790 758 1835 50

86 1845 159 1893 Hunc
170 1862 224 1909 ego,
237 1846 335 1893 Getulis
344 1861 437 1908 rigerem
447 1848 467 1895 si
479 1847 584 1908 Syrtibus
594 1850 666 1906 exsul,

86 1911 229 1974 Argolicove
238 1912 295 1958 mari
306 1912 437 1973 deprensus,
446 1919 471 1959 et
480 1914 535 1958 urbe
546 1912 655 1973 Mycenae
663 1932 670 1972 ;

86 1977 173 2025 Annua
183 1983 239 2024 vote
249 1982 325 2023 tomen
336 1977 494 2039 sollennesque
504 1977 582 2024 ordine
592 1993 686 2044 pompas

86 2043 239 2102 Exsequerer,
251 2049 406 2103 strueremque
417 2041 464 2089 suis
474 2043 552 2090 altario
561 2043 634 2091 donis.

86 2108 156 2155 Nunc
169 2107 229 2153 uitro
240 2107 268 2153 ad
279 2108 365 2153 cineres
375 2108 446 2170 ipsius
456 2115 479 2154 et
490 2124 541 2155 osse
550 2111 656 2171 parentis,

87 2173 158 2221 Haud
170 2172 275 2232 equidem
283 2173 333 2219 sine
340 2180 423 2228 mente,
432 2189 490 2228 reor,
499 2175 547 2221 sine
559 2176 651 2224 numine
659 2176 757 2235 Divum,

85 2238 212 2292 Adsumus‚
223 2245 247 2284 et
257 2244 336 2299 portus
347 2238 413 2285 delati
423 2240 533 2286 intremus
544 2243 636 2289 amicos.

86 2302 153 2365 Ergo
164 2303 232 2364 agite,
244 2311 267 2348 et
274 2302 352 2349 Iaetum
364 2304 439 2350 cuncti
451 2304 588 2353 celebremus
598 2308 722 2366 honorem3

88 2367 214 2417 Poscnmus
224 2378 323 2424 ventos3
341 2375 408 2429 atque
418 2370 468 2417 haee
478 2385 516 2416 me
527 2386 590 2419 sucre
598 2375 721 2432 quotannis

89 2434 154 2480 Urbe
164 2432 221 2479 velit
230 2431 305 2495 positi
315 2434 404 2495 templis
415 2435 456 2481 sibi
466 2435 525 2482 ferre
535 2437 621 2483 dicatis.
724 2441 758 2483 60

87 2498 147 2546 Bina
156 2497 226 2545 boitm
238 2498 302 2545 vobis
313 2497 383 2560 Trojd
392 2508 515 2560 generatus
526 2502 623 2547 Acestes

88 2564 138 2612 Det
148 2578 243 2610 numero
254 2564 328 2625 capita
337 2566 360 2610 in
372 2579 458 2611 neves:
477 2566 580 2612 adhibete
591 2562 691 2609 Penates

88 2630 122 2681 Et
131 2629 217 2693 patrios
227 2629 307 2691 epulis,
318 2637 342 2677 et
351 2644 409 2691 quos
420 2630 475 2677 colit
485 2631 568 2692 hospes
579 2627 681 2673 Acestes·
